3208 5024
687 373 714 438 Ι,
736 373 838 428 17.18.
1275 376 1308 430 21

300 536 352 604 17.
388 538 426 604 Id
440 538 504 603 iam
518 537 667 620 temperis
682 540 827 622 quartum
840 537 995 605 decimum
1007 558 1122 604 annum
1134 536 1309 604 Alexander

212 643 336 728 agebat.
381 642 442 723 Qui
462 643 536 708 dum
558 641 692 726 quadam
708 643 757 708 die
772 643 877 710 locum
892 663 951 728 quo
968 644 1092 710 clausus
1107 661 1203 728 equus
1218 663 1310 727 prae·

213 749 314 814 dictus
343 749 411 812 erat
440 747 638 830 praeteriret,
671 767 839 814 conversus
869 749 907 814 ad
937 749 1053 815 amicos
1081 749 1139 814 adt:
1167 767 1211 826 „o
1241 748 1309 828 riri,

211 853 390 919 hinnitusne
413 871 502 918 aures
523 871 613 917 meae
631 872 672 917 an
693 871 766 918 vero
789 853 912 938 rugitus
928 853 1039 936 ahquis
1054 853 1196 919 leoninus
1212 854 1310 919 offen·

213 957 309 1022 dith‘
354 955 405 1021 Ad
434 956 512 1021 haec
540 955 754 1034 Ptolemaeus,
785 957 837 1042 qui
863 959 973 1040 postea
1003 956 1093 1023 Soter
1120 958 1221 1024 dictus
1244 961 1346 1026 estzh

212 1061 316 1142 „Quin
345 1061 441 1127 immo
460 1061 511 1125 hic
536 1060 589 1126 ille
612 1063 661 1126 est
684 1061 881 1144 Bucephalus
903 1081 1016 1144 equus,
1040 1082 1131 1146 quem
1152 1063 1192 1128 ob
1216 1066 1311 1129 rehe-

212 1167 363 1232 mantiam
384 1168 416 1231 et
439 1165 668 1231 saevitndinem
690 1167 829 1232 dentium
850 1169 1002 1234 hactenus
1023 1167 1126 1234 claudi
1147 1187 1201 1234 rex
1222 1171 1312 1251 pater

210 1271 311 1336 iussit.
320 1275 338 1304 ‘⁶
395 1269 573 1336 Alexander
613 1289 687 1338 vero
721 1271 903 1338 custodibus
937 1273 1074 1339 evocans
1107 1271 1312 1355 claustrisque

211 1376 339 1442 remotis
371 1376 487 1442 animal
511 1375 630 1454 educit,
658 1377 825 1460 iubamque
848 1377 914 1444 eius
936 1377 1028 1443 laeva
1047 1397 1118 1442 cum
1140 1377 1313 1462 apprehen-

211 1481 323 1560 disset,
353 1484 477 1564 tergum
504 1481 711 1565 quadrupedis
732 1481 880 1559 insultat,
910 1482 1117 1564 effrenemque
1137 1481 1197 1546 hac
1219 1485 1312 1565 atque
1330 1493 1371 1552 10

209 1585 283 1651 illac
312 1583 524 1650 circumducit.
577 1583 666 1666 Quod
697 1605 768 1650 cum
797 1586 994 1651 admirationi
1021 1585 1195 1652 visentibus
1221 1586 1313 1664 foret,

211 1690 349 1756 cucurrit
378 1689 520 1772 quidam,
550 1690 582 1754 et
606 1708 672 1754 rem
701 1690 831 1774 periculi
859 1690 1003 1774 Philippo
1033 1691 1202 1758 nunciavit.
1253 1690 1313 1758 Sed

210 1793 455 1861 admemoriam
475 1793 529 1859 ille
552 1793 690 1860 monitus
713 1795 832 1860 oraculi
854 1795 973 1861 occurit
995 1795 1035 1860 ad
1057 1815 1204 1879 puerum,
1226 1815 1313 1861 eum-

212 1920 271 1985 que
307 1898 426 1964 salntat
457 1901 493 1965 ut
523 1898 620 1964 totius
648 1898 732 1966 orbis
761 1899 938 1980 domiuum,
968 1899 1081 1966 laetior
1109 1900 1230 1966 scilicet
1259 1919 1313 1984 spe

212 2005 270 2070 filii
290 2007 388 2088 pater.
1332 2017 1371 2077 15

299 2108 354 2176 18.
398 2109 511 2192 [10R.]
568 2108 629 2175 Sed
658 2108 740 2174 euim
771 2107 949 2176 Alexander
982 2108 1126 2193 quintum
1159 2109 1314 2176 decimum

216 2231 309 2296 agens
337 2233 452 2278 annum
479 2213 572 2296 petiit
600 2215 637 2279 nt
666 2213 725 2278 sihi
746 2213 836 2278 Pisas
865 2212 949 2278 adire
977 2213 1088 2278 liceret
1114 2213 1218 2298 gratia
1238 2234 1314 2298 qua-

216 2316 311 2401 dn'gie
324 2317 476 2402 cenandi.
522 2319 553 2400 [1
564 2317 618 2400 hl]
652 2317 815 2402 Philippus
838 2336 959 2402 quoque
975 2335 1071 2401 equos
1087 2317 1135 2382 illi
1163 2320 1196 2384 et
1210 2320 1315 2384 cetera

300 2495 342 2549 17.
363 2497 386 2550 1.
407 2493 439 2548 Id
456 2493 509 2548 iam
526 2495 653 2564 temporis
670 2494 864 2549 HIthDDVa.
899 2494 951 2549 Per
968 2493 997 2549 id
1014 2493 1142 2563 temporis
1154 2495 1187 2549 D.
1216 2494 1248 2548 Id
1260 2496 1313 2549 iam

211 2585 316 2652 tempus
334 2583 382 2637 Vc.
418 2581 488 2636 Nam
509 2582 540 2636 R.
646 2583 776 2638 decimum
801 2585 924 2652 quartum
943 2581 991 2635 Vc.
1027 2580 1157 2636 decimum
1177 2586 1314 2652 quartum·

213 2686 262 2738 que
280 2669 329 2725 Va.
403 2685 472 2726 anno
489 2669 631 2724 alexander
649 2669 728 2724 XIIII
747 2671 780 2724 Ι).
852 2669 877 2724 2.
896 2668 996 2739 agebat
1014 2668 1130 2722 LABIIR
1149 2668 1260 2724 ..iehat
1277 2669 1312 2722 H.

212 2757 326 2828 degebat
343 2757 377 2811 D.
413 2756 566 2826 appellabat
581 2757 646 2812 Vae.
734 2756 785 2823 Qui
804 2756 866 2810 dum
884 2755 1016 2826 quendam
1036 2755 1123 2811 locum
1137 2753 1179 2809 Η.“
1243 2754 1314 2826 quod

211 2861 292 2899 ausus
313 2845 349 2898 H.
453 2845 605 2914 praedictus
629 2847 688 2899 erat
711 2861 795 2915 equus
814 2845 846 2898 R.
889 2844 935 2914 qui
957 2845 1091 2899 clauserat
1115 2859 1213 2914 equum
1237 2859 1313 2913 prac-

212 2930 312 2986 dictum
331 2932 365 2985 D.
453 2933 479 2987 3.
498 2933 630 2986 Reversus
648 2931 683 2986 H.
775 2933 802 2987 4.
820 2931 892 2986 auris
909 2947 969 2985 urea
987 2931 1022 2986 D.
1108 2930 1186 3000 aquis
1205 2928 1314 3000 (derch-

211 3017 336 3086 straten)
354 3019 385 3072 L.
421 3017 534 3073 alicuius
554 3019 639 3073 leonia
657 3019 690 3072 D.
797 3019 823 3074 5.
840 3018 1010 3072 Ptolemaeus
1028 3018 1059 3072 a.
1096 3017 1262 3087 ptholemeus
1281 3019 1312 3072 ΙΙ.

212 3104 360 3174 ptolomeus
376 3105 469 3159 LBVc.
488 3116 490 3120 ’
507 3105 647 3162 Tolourcus
657 3105 706 3159 Va.
726 3104 894 3174 ptholomeus
906 3105 990 3159 ΗΑΙ).
1079 3104 1156 3160 Soter
1164 3103 1312 3159 HABRVa.

213 3207 287 3245 socer
304 3191 335 3246 Ε.
372 3192 467 3248 Sother
484 3193 554 3248 LVc.
591 3194 678 3248 soclus
696 3195 739 3247 est
755 3193 853 3261 (dictus
870 3192 947 3261 fehlt)
965 3193 999 3246 D.
1100 3193 1125 3247 6.
1145 3191 1215 3258 Quia
1233 3191 1313 3247 immo

212 3279 299 3348 inquid
317 3279 371 3348 (hic
387 3281 433 3334 ille
451 3283 494 3334 eat
510 3279 587 3350 fehlt)
607 3281 641 3334 D.
728 3279 856 3334 Bucelala
874 3279 1037 3334 LABERVc.
1127 3279 1152 3334 7.
1172 3281 1313 3334 consuetu·

212 3366 300 3422 diuem
320 3369 353 3422 D.
422 3366 556 3441 hacteuus
573 3367 641 3433 fehlt
657 3366 689 3421 R.
776 3367 801 3422 8.
819 3366 935 3422 avocatia
953 3365 1101 3421 LABDER.
1129 3367 1236 3422 evitatis
1248 3367 1312 3421 Vac.

212 3456 329 3510 avocatia
345 3456 380 3510 H.
415 3453 701 3529 παραγκωνισάμενος
719 3452 782 3514 τοὺς
800 3451 925 3526 φύλακας
940 3458 989 3507 τοῦ
1008 3456 1097 3506 ἵππου
1123 3452 1196 3523 (τοὺς
1215 3455 1314 3526 φίλους
1338 3489 1344 3504 .

211 3541 293 3603 ὄντας
310 3543 353 3612 Α.)
372 3541 473 3597 AhBO.
510 3539 624 3596 cuiatis?
710 3543 736 3596 9.
755 3540 845 3596 eduxit
857 3543 891 3596 D.
978 3556 1197 3610 comamqucquc
1212 3542 1269 3596 eius
1281 3542 1313 3596 R.

211 3629 298 3685 levam
316 3631 350 3683 D.
439 3630 479 3682 10.
498 3633 574 3696 tergo
592 3628 624 3682 B.
714 3627 885 3698 quadripedis
904 3627 954 3682 Va.
989 3625 1134 3698 quadrupie
1152 3628 1184 3682 H.
1271 3629 1314 3682 in·

212 3717 287 3772 siluit
307 3717 339 3770 R.
428 3732 460 3770 ac
479 3717 559 3785 atque
578 3715 640 3770 illac
659 3715 688 3768 L.
724 3715 774 3769 hac
791 3718 871 3784 atque
889 3713 938 3769 illa
951 3712 984 3768 A.
1019 3713 1160 3783 hacatquc
1173 3713 1252 3770 allter
1263 3715 1314 3770 Va.

211 3805 338 3872 flexoque
363 3817 394 3856 ac
411 3803 524 3874 illacque
542 3803 576 3857 Ι).
618 3801 670 3856 huc
693 3805 773 3871 atque
797 3802 861 3857 illuc
878 3802 913 3855 Η.
1019 3801 1061 3855 11.
1087 3801 1261 3858 choumduxit
1280 3803 1313 3858 R.

212 3890 385 3946 admiratione
403 3888 459 3943 AB.
566 3891 608 3946 12.
627 3891 655 3944 et
674 3889 810 3944 nunciavit
828 3905 885 3944 reru
902 3887 1014 3958 periculi
1033 3887 1167 3958 (Phihppo
1183 3889 1261 3960 fetet)
1279 3891 1314 3944 D.

213 3977 265 4032 Sed
283 3976 318 4031 ad
336 3977 490 4030 memoriam
506 3977 554 4031 ille
572 3977 688 4032 monitus
715 3976 813 4045 (motus
832 3975 877 4045 D.)
902 3975 1000 4031 oraculi
1018 3974 1212 4030 VcHLABDG.
1262 3975 1315 4030 Sed

211 4063 310 4118 illaad
335 4063 489 4118 memoriam
517 4063 633 4118 monitus
656 4063 761 4118 oraculo
786 4061 836 4116 Va.
879 4060 931 4116 Sed
954 4064 989 4117 ed
1012 4063 1166 4118 memorIam
1189 4077 1316 4118 revocans

120 4141 125 4154 '
211 4152 328 4206 monitus
348 4151 447 4206 oraculi
465 4151 497 4205 R.
587 4152 629 4206 14.
651 4151 752 4206 scilicet
768 4149 835 4216 fehlt
852 4149 887 4203 D.
922 4151 1000 4218 pater
1014 4149 1082 4216 fehlt
1098 4151 1132 4207 D.
1168 4151 1263 4206 laetior
1283 4181 1314 4191 -

211 4241 288 4307 pater
306 4236 374 4304 fehlt
391 4239 423 4292 R.
907 4263 908 4269 ¹

298 4323 343 4379 18.
365 4325 406 4378 16.
424 4323 565 4379 alexander
582 4323 645 4378 iam.
664 4323 722 4378 XV.
739 4338 838 4377 annum
856 4337 940 4392 agene
957 4322 991 4377 Ι).
1100 4325 1142 4379 17.
1164 4323 1215 4378 sihi
1232 4325 1265 4378 ut
1281 4322 1315 4377 D.

212 4408 326 4480 phyesae
347 4409 487 4480 corripiare
509 4410 541 4464 in
557 4409 657 4481 physas
673 4409 705 4464 L.
804 4409 920 4479 madiam
938 4409 972 4462 D.
1075 4411 1107 4465 18
1139 4409 1181 4466 illi
1197 4410 1264 4478 fehlt
1280 4411 1314 4464 D.
