3208 5024
298 417 334 474 44
808 423 849 487 Π,
869 425 894 479 9.

297 583 369 650 bilis
387 583 556 652 videretur.
601 585 662 653 Sed
692 587 767 652 dnm
793 587 852 652 hoc
879 587 987 654 labore
1016 587 1068 653 diu
1091 589 1294 673 fatigaretur,
1330 588 1407 654 Phi-

296 688 400 772 lippus
422 690 547 772 quidam
571 692 710 770 nornine,
749 691 858 756 doctus
878 692 955 757 artis
978 692 1135 770 eiusdem,
1170 692 1319 776 poculum
1341 691 1409 777 regi

298 793 436 872 conficit,
475 793 558 876 quod
587 794 615 858 ei
641 793 813 877 plurimum
839 795 1038 878 profuturum
1068 797 1154 862 dixit.
1199 797 1236 862 ld
1259 817 1331 861 cum
1357 797 1407 861 die

297 898 417 961 statuto
440 897 618 963 Alexander
640 899 796 962 hausurus
820 901 919 977 esset,
944 901 1147 976 Parmenion,
1174 901 1319 983 Philippo
1339 919 1407 965 me-

259 991 278 1049 5
298 997 365 1065 dico
389 1001 537 1078 infestus,
562 1000 685 1066 litteras
706 1002 836 1066 mittens
858 1006 965 1068 monet
986 1003 1217 1081 Alexandrum,
1240 1007 1277 1069 ut
1293 1006 1408 1070 abhoc

297 1123 330 1168 ee
357 1104 467 1186 poculo
494 1107 665 1187 temperet,
694 1105 814 1182 dicens,
854 1127 925 1172 eum
952 1107 984 1172 id
1011 1109 1076 1172 eius
1099 1108 1146 1172 rei
1169 1127 1264 1173 cauea
1286 1109 1406 1188 iecisse,

296 1208 332 1271 ut
350 1207 445 1272 saluti
472 1207 538 1273 eius
557 1207 773 1286 insidiaretur,
794 1228 994 1292 sororemque
1017 1211 1104 1275 Darii
1120 1231 1192 1274 cum
1206 1211 1296 1294 regni
1316 1215 1407 1294 parte

297 1310 363 1375 eius
398 1311 444 1374 rei
480 1310 657 1375 mercedem
698 1329 765 1376 esee
803 1313 1014 1394 accepturum.
1076 1311 1192 1376 Verum
1229 1313 1407 1379 Alexander

296 1418 478 1497 suspectans
500 1416 624 1482 litteras
646 1417 686 1481 ad
710 1418 805 1498 caput
826 1415 935 1480 lectuli
958 1417 1062 1499 ponit,
1098 1436 1230 1498 cumque
1257 1418 1407 1500 poculum

238 1513 278 1572 10
295 1521 411 1584 haustu
434 1520 632 1596 admoveret,
656 1519 710 1584 dat
731 1519 876 1602 Philippo
900 1519 1065 1601 epistolam
1088 1519 1263 1604 legendam.
1308 1522 1407 1587 Deni-

296 1641 356 1705 que
386 1642 456 1687 cum
488 1623 607 1688 curatio
635 1623 692 1687 illa
719 1622 758 1686 ad
779 1623 946 1704 pristinum
976 1626 1094 1688 statum
1116 1623 1331 1689 Alexandrum
1353 1625 1406 1689 de-

296 1725 449 1802 duxisset,
478 1745 550 1791 mox
570 1727 734 1809 Philippus
761 1727 914 1791 ultionem
943 1727 1098 1792 mendacii
1123 1727 1261 1810 quaerit,
1291 1747 1405 1810 rexque

197 1865 201 1872 ·
295 1829 534 1894 Parmenionem
557 1831 700 1912 protinus
723 1849 823 1912 poena
846 1831 958 1913 capitis
980 1829 1136 1912 dependit.

382 1931 416 1998 9.
461 1934 515 2015 [25
534 1933 584 2014 R]
636 1933 739 2016 Igitur
769 1935 895 2015 recepta
928 1934 1102 1999 valitudine
1136 1933 1316 1999 Alexander
1351 1954 1407 2016 per

236 2033 276 2091 15
295 2033 407 2100 Medos
429 2036 599 2102 exercitum
622 2037 756 2114 ducens,
780 2035 973 2101 laboriosum
988 2037 1080 2101 nimis
1099 2037 1160 2102 iter
1175 2056 1231 2120 per
1247 2037 1405 2103 desertum

296 2158 440 2204 emensus
462 2141 519 2205 est.
565 2134 627 2205 Sed
651 2159 721 2204 cum
746 2140 847 2204 omnis
870 2141 958 2206 Darii
981 2139 1136 2206 exercitus
1158 2141 1245 2206 iuxta
1268 2141 1405 2224 Tigridis

296 2242 419 2307 alveum
441 2242 598 2308 locaretur
626 2245 658 2308 et
683 2243 853 2308 adventum
875 2244 1085 2308 Macedonum
1108 2246 1319 2326 exspectaret,
1347 2265 1405 2311 nec

295 2344 442 2411 dubitans
479 2345 658 2410 Alexander
691 2347 846 2412 instructa
883 2348 949 2412 acie
990 2347 1105 2412 obiecit
1144 2367 1212 2413 sese
1249 2349 1402 2414 hostibus.

298 2447 476 2531 Coeptoque
516 2450 661 2514 conflictu
692 2449 886 2531 ferventique
919 2469 954 2515 re
987 2451 1100 2516 bellica
1132 2469 1213 2516 unus
1245 2469 1261 2515 e
1291 2452 1405 2529 Persis,

238 2551 279 2608 20
295 2549 425 2616 indutus
452 2551 662 2616 Macedonicis
692 2553 803 2629 armis,
842 2572 860 2616 a
890 2555 980 2635 tergo
1011 2553 1226 2618 Alexandrum
1255 2553 1407 2619 infestans

295 2655 377 2720 ierit.
436 2653 498 2720 Sed
526 2655 608 2720 ictus
644 2655 699 2720 ille
731 2657 859 2737 propter
892 2657 1003 2739 galeae
1037 2657 1254 2722 fortitudinem
1288 2659 1407 2722 frustra

391 2800 414 2853 l.
433 2799 486 2853 Sed
504 2817 564 2854 cum
582 2799 615 2853 A.
661 2799 735 2866 ¹hcc
751 2799 819 2866 fehlt
836 2803 870 2854 D.
940 2801 1187 2872 phylipnsquidem
1199 2803 1234 2857 H.
1305 2803 1330 2855 3.
1344 2819 1406 2857 con-

295 2886 360 2940 iecit
376 2887 407 2939 Ε.
444 2885 518 2939 ellac.
537 2885 571 2939 D.
607 2885 678 2939 Hiar
695 2885 762 2951 fehlt
779 2887 809 2939 in
833 2886 873 2940 Vh
894 2887 954 2940 eine
971 2888 1030 2956 iope
1047 2905 1101 2943 ooo
1118 2890 1175 2942 ar'er
1192 2889 1317 2943 claram.
1352 2888 1408 2943 Die

294 2971 335 3026 hia
345 2987 404 3039 cop.
417 2976 449 3038 2,
462 2971 649 3025 sarracenae
667 2971 741 3025 11111
753 2977 862 3041 erptiam
876 2973 940 3026 Mai
956 2973 987 3026 in
997 2973 1085 3028 scheer
1096 2976 1204 3036 amadan
1218 2974 1403 3042 (Hdmisclcen)

294 3057 412 3126 cascale
429 3074 483 3112 aar
500 3059 567 3112 awai
583 3059 784 3113 aalmaaiedrea
801 3059 1008 3126 haadschristea
1025 3059 1072 3114 der
1089 3062 1200 3128 epitonia
1217 3060 1280 3129 (R),
1301 3059 1406 3113 Miller

294 3161 347 3200 oua
365 3145 410 3199 Vc.
495 3145 521 3198 ei
535 3144 645 3210 sehllD.
722 3145 867 3214 plurimum
882 3146 991 3211 sehltB.
1063 3149 1089 3202 4.
1108 3147 1240 3201 hausurus
1252 3147 1406 3201 HLBHRD.

295 3247 409 3286 ausurus
427 3230 460 3284 A.
496 3229 642 3285 hausturus
661 3229 745 3284 Melz.
834 3247 980 3300 parmouon
997 3232 1050 3286 LR.
1087 3233 1222 3302 permenio
1234 3233 1267 3286 D.
1340 3235 1408 3286 5.ut

293 3317 362 3383 fehlt
379 3317 414 3368 H.
522 3318 548 3372 6.
567 3316 662 3385 poculo
683 3331 711 3369 se
736 3317 770 3368 D.
873 3320 1006 3386 temperet
1023 3318 1077 3371 LR.
1112 3321 1275 3386 temperaret
1297 3317 1406 3371 HABD.

295 3403 416 3470 exegisse
435 3402 468 3455 D.
574 3402 600 3454 7.
620 3401 816 3466 εἰπε-[111111.
878 3413 880 3418 ·
923 3419 982 3457 curn
1006 3407 1082 3472 parte
1105 3404 1181 3472 regni
1203 3405 1259 3457 11.-
1277 3404 1407 3472 regnique

295 3491 400 3556 partem
417 3488 451 3540 D.
556 3487 581 3540 8.
599 3487 639 3540 rei
656 3486 723 3552 fehlt
741 3486 776 3540 Η.
883 3489 1003 3543 mercede
1021 3489 1100 3543 ΑΒΕ.
1207 3504 1265 3543 esse
1287 3489 1396 3554 feldlD

296 3577 323 3631 9.
338 3573 462 3642 poculum
479 3571 547 3638 scole
557 3572 590 3624 A.
675 3573 716 3627 10.
734 3574 815 3626 austu
836 3571 869 3626 A.
905 3573 1014 3628 haustui
1031 3574 1171 3642 coeman
1190 3590 1243 3628 aas
1257 3574 1357 3628 haustu
1375 3575 1407 3628 B.

295 3659 396 3714 haustu
414 3660 448 3712 Η.
485 3674 544 3712 cum
564 3660 653 3712 autem
672 3657 827 3712 admoueret
853 3660 977 3728 poculum
1004 3660 1113 3714 haustui
1131 3662 1164 3714 D.
1272 3659 1313 3714 12.
1331 3675 1407 3713 man·

296 3745 364 3800 datii
381 3745 414 3799 R.
488 3746 529 3799 13.
548 3745 740 3799 Parmenonem
759 3743 790 3797 R.
852 3745 974 3814 protinus
1000 3746 1068 3811 fehlt
1090 3747 1125 3798 H.
1190 3746 1287 3814 capitis
1297 3745 1365 3812 [1111
1376 3746 1407 3799 H.

296 3831 351 3886 Rex
360 3835 450 3885 autem
459 3831 658 3900 parmenionem
668 3829 869 3898 deprehensum.
881 3832 1005 3900 protinus
1014 3847 1084 3900 pena
1094 3832 1190 3900 capitis
1199 3831 1407 3900 dampnauit.D.

382 3917 411 3970 9.
450 3918 491 3970 14.
509 3932 557 3984 per
573 3915 667 3970 Hedos
683 3915 751 3981 sedit
768 3917 800 3969 B.
910 3919 950 3971 16.
970 3921 1013 3971 est
1033 3933 1140 3972 mensus
1158 3919 1193 3971 H.
1282 3918 1355 3972 iusta
1372 3918 1407 3971 H.

296 4001 411 4072 tygridis
429 4001 483 4056 LE.
520 4001 611 4069 Tigris
625 4001 658 4054 R.
779 4001 820 4055 11.
839 4001 987 4056 macedonii
1004 4003 1038 4057 H.
1160 4019 1214 4057 nou
1233 4002 1359 4056 dubitans
1375 4001 1407 4056 B.

297 4088 350 4143 Sed
368 4103 428 4141 cum
445 4091 509 4142 tunc
526 4087 685 4141 Macedones
704 4089 864 4156 expectaret.
884 4087 1010 4143 dubitans
1026 4089 1169 4144 alexander
1186 4091 1219 4143 D.
1289 4089 1330 4143 18.
1342 4089 1408 4142 osti-

296 4173 346 4228 bus
367 4175 402 4226 H.
422 4189 451 4226 ee
469 4173 567 4236 ¹¹ostib3
585 4171 683 4226 obiecit
700 4173 733 4226 D.
824 4173 865 4227 19.
884 4173 1022 4245 Captoque
1037 4177 1071 4230 D.
1171 4175 1357 4244 frequentique
1375 4175 1408 4228 R.

297 4269 326 4314 rc
342 4258 439 4313 bellica
456 4261 488 4313 A.
611 4258 655 4314 20.
675 4255 837 4313 macedoniis
854 4260 887 4313 D.
1007 4261 1118 4316 indutus
1133 4261 1310 4315 macedonicis
1327 4260 1409 4314 armis

297 4343 478 4400 Alexandrum
504 4342 637 4398 infestans
663 4343 735 4398 ierit.
761 4345 810 4398 Re.
863 4345 974 4402 indutus
999 4347 1176 4402 macedonicis
1197 4347 1279 4400 armis
1293 4345 1409 4399 Alexan·
1425 4363 1437 4386 ·

297 4429 375 4484 druna
393 4447 410 4485 a
427 4433 505 4499 tergo
530 4429 620 4484 iussus
646 4432 689 4483 est
707 4429 785 4484 ferire
811 4429 861 4484 Rb.
985 4432 1027 4488 21.
1045 4433 1133 4488 hictus
1151 4433 1186 4484 H.
1308 4431 1410 4485 lrmtra
