3208 5024
1585 131 1592 276 1

318 397 354 452 34
831 395 857 456 Ι,
875 395 919 448 42.

319 561 380 624 Per
401 557 551 624 Arabiam
570 560 668 642 igitir
690 559 861 624 exercitum
885 575 977 620 suum
1000 556 1160 637 aciemque
1185 555 1274 620 iubet
1295 555 1427 621 extendi.
1589 459 1592 626 1

319 661 388 741 Quo
418 665 485 730 riso
508 663 638 742 Darius,
678 683 766 746 spem
798 663 934 744 primam
964 663 1058 742 atque
1094 679 1166 724 eam
1195 661 1363 724 maximam
1394 660 1428 724 iu

318 766 444 832 falcatis
467 767 608 831 cmribus
631 786 764 850 ponens,
784 768 851 848 ipse
873 784 994 848 quoque
1018 763 1188 828 exercitum
1209 764 1298 828 iubet
1316 764 1427 846 aptari.

317 869 436 935 Verum
466 869 643 936 Alexander
673 871 905 935 incurrentibus
934 868 1076 932 curribus
1117 887 1173 949 per
1204 867 1287 931 acies
1321 867 1427 931 locum

281 969 466 1040 berennus
490 973 585 1056 pandi
612 974 853 1057 praeiudicavit,
894 973 999 1054 sicque
1028 970 1061 1033 in
1089 989 1199 1034 currus
1229 972 1427 1036 transeuntes

317 1077 499 1160 peditesque
522 1081 686 1160 sequentes
708 1077 812 1143 iacula
831 1075 978 1158 torqueri.
1024 1075 1080 1155 [53
1090 1075 1144 1155 11.]
1176 1073 1254 1140 Cum
1277 1095 1350 1173 ergo
1374 1075 1428 1140 diu

318 1201 388 1264 spes
416 1182 516 1246 exitm
547 1181 714 1246 fluctuaret
745 1184 838 1263 atque
872 1179 1028 1259 utrimque
1054 1180 1195 1262 graviter
1217 1179 1427 1258 dimicaretur,

317 1283 445 1348 taudem
479 1285 641 1366 repentino
675 1285 775 1348 imbrs
812 1281 998 1365 procedente
1032 1282 1162 1358 Persae,
1199 1283 1332 1348 coelitus
1367 1284 1427 1347 sibi

318 1385 476 1451 adversari
499 1385 654 1464 dicentes,
676 1385 786 1469 fugam
808 1389 992 1469 capessunt;
1024 1385 1060 1449 fit
1081 1405 1202 1468 quoque
1224 1388 1337 1451 Darius
1360 1388 1426 1468 ipse

259 1492 300 1550 10
317 1508 500 1572 praecursor
530 1491 645 1554 smisso
674 1507 767 1554 curru
794 1507 933 1570 equoque
964 1507 1132 1554 conscenso
1163 1489 1272 1554 veloci.
1316 1491 1371 1571 [54
1387 1491 1426 1552 M.

317 1593 419 1674 litt]
466 1591 527 1656 Sed
558 1595 642 1658 enim
663 1590 839 1658 Alexander
866 1593 947 1655 hanc
977 1591 1036 1655 sibi
1061 1592 1251 1674 peculiarem
1278 1594 1426 1675 appetens

316 1697 466 1778 gloriam,
504 1697 531 1758 si
557 1717 610 1760 rex
632 1696 756 1779 lugiens
785 1691 1115 1776 comprehenderetur,
1154 1695 1323 1760 animosius
1345 1714 1427 1759 eum

316 1800 477 1864 insecutus
496 1817 606 1864 currus
629 1798 753 1882 quidem
776 1799 870 1880 atqm
886 1817 972 1861 arma
988 1798 1106 1882 regalia
1121 1802 1317 1881 matremque
1333 1801 1427 1882 atque

317 1920 444 1967 uxorem
472 1921 530 1966 nac
557 1921 619 1966 non
649 1905 682 1968 et
708 1901 789 1966 filias
817 1901 905 1965 Darii
935 1903 1184 1984 comprehendit3
1218 1904 1321 1985 ipsum
1351 1921 1426 1967 uero

259 2014 298 2072 15
317 2005 449 2070 Darium
469 2005 635 2070 tenebrosa
664 2025 723 2070 nox
750 2007 783 2070 et
806 2025 915 2070 cursus
940 2005 1090 2071 velocitas
1119 2007 1274 2072 liberavit.
1318 2007 1426 2070 Mace-

319 2107 413 2174 dones
447 2111 552 2174 autem
586 2111 678 2193 potiti
712 2111 843 2174 victorie
881 2110 913 2173 iu
951 2112 1053 2175 castra
1087 2111 1209 2192 persica
1241 2110 1426 2192 migravere.

319 2213 436 2294 [5511]
476 2212 653 2278 Alexander
679 2233 750 2278 vcro
774 2215 920 2290 cunctos,
952 2231 1029 2294 quos
1053 2214 1086 2276 in
1108 2212 1192 2276 bello
1219 2232 1303 2276 mors
1326 2213 1426 2295 iucly-

317 2318 368 2380 tos
391 2315 525 2392 fecerat,
560 2315 675 2398 inquiri
708 2316 796 2380 iubet
828 2335 864 2380 ae
898 2316 1064 2399 magnifice
1092 2315 1242 2398 sepulcris
1271 2317 1426 2382 honorari.

317 2418 454 2484 Matrem
483 2415 605 2501 quo'que
627 2420 714 2483 Darii
746 2421 778 2483 et
807 2437 934 2482 uxorem
960 2417 992 2482 et
1015 2419 1097 2484 filias
1125 2421 1211 2503 regio
1239 2419 1328 2484 cultu
1353 2438 1426 2503 pro·

259 2541 300 2598 20
318 2522 514 2606 sequebatur.

404 2625 462 2694 42.
494 2626 600 2710 [56M.
622 2627 725 2708 45R.]
759 2626 873 2691 Darius
895 2625 997 2716 igitur¹
1015 2624 1184 2690 recollecto
1206 2643 1243 2690 ac
1265 2627 1426 2690 contracto

403 2847 448 2901 41.
485 2847 509 2899 1.
535 2847 587 2900 Per
611 2848 704 2916 eregit
732 2863 786 2902 con
814 2847 920 2902 zweim
944 2846 1020 2900 hund
1044 2847 1185 2915 corripierl
1211 2848 1241 2899 in
1273 2845 1364 2899 arabis
1390 2847 1425 2898 H.

316 2933 408 2986 Hateri
425 2934 510 3002 igitur
531 2937 638 2987 excertu
655 2933 688 2986 D.
778 2934 896 2988 sciemus
915 2934 946 2986 B.
1035 2937 1061 2988 2.
1081 2935 1162 3002 atque
1180 2949 1210 2987 eo
1229 2933 1260 2986 B.
1336 2933 1361 2986 3.
1374 2929 1426 2984 lul·

317 3019 425 3073 catisll
540 3019 637 3074 crurib.
664 3019 699 3072 H.
804 3021 903 3074 Darius
929 3020 1015 3074 eciem
1043 3019 1157 3088 primam
1182 3021 1268 3088 parat.
1293 3021 1373 3086 atque
1396 3025 1429 3071 ce

317 3090 406 3124 ''⁸¹¹¹''
422 3107 451 3160 in
468 3105 575 3160 fumus
592 3105 712 3160 curribus
731 3121 842 3174 ponens.
860 3107 893 3160 D.
978 3123 1036 3174 coq.
1055 3104 1089 3157 Η.
1125 3106 1183 3173 ipse
1201 3120 1305 3172 quoque
1316 3103 1383 3169 fehlt
1395 3105 1428 3157 D.

315 3194 396 3248 iussit
413 3193 516 3247 LBDD.
619 3195 644 3246 5.
662 3192 796 3246 mansites
815 3193 849 3246 H.
949 3191 1078 3246 Versum
1094 3190 1214 3244 alexand'
1234 3191 1273 3243 ill*
1293 3191 1429 3244 incurren-

315 3279 368 3343 tib;
386 3279 447 3332 locu
466 3279 556 3332 dandu
574 3279 701 3332 maumtui
721 3278 900 3346 praeiudicas.
914 3279 946 3331 D.
1017 3265 1108 3352 eunde
1120 3277 1150 3330 Ι..
1169 3283 1230 3332 e'ros
1246 3276 1280 3330 D.
1351 3278 1376 3330 6.
1389 3277 1428 3329 ia-

316 3365 420 3420 eulatcr
441 3365 603 3434 querieeper.
617 3365 650 3416 H.
679 3367 789 3432 tumque
809 3365 837 3416 in
859 3363 1063 3417 uausueheutss
1081 3363 1201 3431 peditum
1222 3378 1329 3416 suorum
1342 3361 1429 3416 iacula

316 3452 435 3518 torqueri
454 3451 505 3504 Vb.
592 3450 616 3502 7.
639 3465 699 3516 spes
718 3449 764 3501 diu
782 3449 814 3501 A.
851 3450 897 3502 diu
920 3449 987 3513 fehlt
1003 3450 1037 3502 D.
1081 3465 1142 3516 spes
1167 3451 1292 3500 exstuans
1316 3447 1428 3501 fluctua-

316 3539 360 3590 ret
377 3537 410 3588 D.
526 3538 669 3602 utrumque
696 3549 749 3586 aon
774 3534 879 3586 amciter
904 3533 981 3586 hand
1006 3533 1147 3600 corripiam
1174 3533 1205 3584 in
1230 3533 1364 3602 utrimque
1393 3535 1428 3586 H.

317 3623 343 3677 8.
361 3619 441 3674 imbri
459 3619 508 3673 Vb.
607 3617 761 3687 procidente
787 3619 861 3672 Vinc.
880 3619 973 3686 Bell.,·
995 3619 1077 3672 Melz.
1185 3619 1209 3672 9.
1230 3617 1378 3672 aduersarii
1396 3621 1428 3674 A.

318 3709 395 3760 atuer
415 3721 472 3759 snm
490 3705 525 3758 Η.
631 3709 783 3772 capescunt.
802 3705 833 3758 Ε.
871 3706 1043 3774 lugapetunt.
1061 3705 1095 3758 D.
1194 3704 1255 3772 litq;
1274 3705 1373 3758 Darius
1393 3707 1427 3759 D.

318 3807 376 3860 coq.
397 3792 485 3846 Dacus
504 3789 539 3844 H.
630 3792 671 3844 10.
691 3806 844 3859 praecessor
862 3792 919 3846 DE.
1028 3790 1126 3844 amisso
1145 3805 1236 3844 currus
1255 3807 1334 3861 quoq.
1353 3797 1428 3847 csen-

318 3896 381 3934 soua
399 3881 451 3934 loci
472 3881 507 3932 H.
548 3881 646 3934 amisso
672 3883 789 3936 exercitu
812 3891 924 3939 assensu
947 3883 1040 3936 ueloci.
1067 3883 1101 3936 D.
1209 3885 1249 3937 ll.
1268 3864 1379 3954 appteid
1398 3883 1427 3936 D.

320 3967 361 4020 12.
381 3967 452 4036 quod
469 3982 515 4020 rex
532 3967 641 4036 fugiam
659 3970 846 4038 comprehendi
863 3973 955 4039 posset
972 3969 1075 4023 anobis.
1102 3971 1136 4024 D.
1232 3971 1375 4024 arimonio*
1395 3969 1427 4022 A.

319 4053 465 4107 animosius
481 4052 549 4118 fehlt
572 4054 606 4107 D.
697 4057 738 4110 13.
759 4057 859 4111 Currus
878 4073 982 4126 quoque
1001 4059 1081 4126 etque
1099 4057 1202 4128 regulis
1221 4074 1295 4110 anna
1315 4059 1427 4108 matrem

319 4155 424 4208 quoque
444 4142 472 4194 et
489 4155 598 4194 uxorem
614 4141 649 4194 D.
738 4145 779 4198 14.
799 4144 856 4197 filie
876 4143 909 4196 D.
1000 4145 1040 4196 15.
1060 4160 1152 4198 currus
1169 4143 1201 4196 Β.
1296 4141 1427 4194 liberaue-

318 4229 362 4279 rat
380 4225 411 4279 Ε.
495 4227 537 4280 17.
556 4229 665 4280 cunctos
682 4226 750 4292 fehlt
766 4229 800 4282 H.
880 4245 951 4284 mors
969 4229 1206 4304 inclitos0inbello
1225 4229 1256 4280 D.
1334 4227 1375 4281 18.
1386 4226 1428 4278 in·

319 4313 424 4382 quirare
441 4311 473 4366 Α.
563 4313 712 4383 magnificis
732 4316 766 4368 D.

404 4398 452 4454 42.
477 4399 519 4452 21.
538 4401 680 4454 recollecto
699 4402 772 4455 omni
789 4402 904 4456 exercitu
922 4417 953 4456 ae
969 4403 1104 4456 contracto
1122 4401 1153 4454 B.
