3208 5024
304 463 338 516 20
809 464 836 528 Ι,
856 465 896 518 15.

302 626 376 690 iri.“
421 628 462 692 Et
483 626 664 693 Alexander
688 627 747 692 ait:
780 627 891 706 „Num
914 645 971 711 ego
995 645 1064 692 sum
1086 625 1168 690 filius
1190 625 1316 690 tuus?“
1353 625 1404 689 Ita

303 750 370 796 esse
395 732 581 812 ‘sonitatum
615 736 685 798 tum
718 731 857 817 Aegypti
888 732 1010 816 fugam,
1053 734 1122 796 tum
1155 731 1331 814 ingressum
1364 729 1403 794 ad

302 836 534 920 Olympiadem,
560 841 592 902 et
620 857 753 922 quanam
781 839 848 903 arte
870 856 964 902 uroro
988 837 1030 901 sit
1052 837 1169 919 potitus
1192 835 1231 900 ad
1255 834 1364 899 similit
1386 869 1402 882 ·

303 939 407 1006 dinem
428 942 485 1006 dei.
520 943 562 1007 Et
581 944 630 1008 his
654 942 744 1008 dictis
768 943 904 1008 animam
919 943 1089 1006 exaestuat.
1127 941 1209 1005 Hinc
1225 939 1402 1006 Alexander

264 1043 460 1129 5comperto
492 1048 573 1132 quod
594 1049 683 1131 pater
709 1047 768 1114 sibi
789 1047 883 1112 fuerit
906 1066 997 1130 quem
1019 1045 1234 1121 interfecerat,
1266 1045 1403 1110 naturali

301 1151 438 1216 monitus
476 1153 591 1217 affectu
631 1152 812 1236 superponit
843 1152 1001 1216 hominem
1031 1151 1187 1228 humeris,
1219 1150 1401 1234 regiamque

301 1259 450 1321 revectat.
493 1257 539 1322 Ut
568 1259 673 1322 autem
699 1275 841 1321 reversus
861 1258 909 1321 est
932 1255 972 1320 ad
993 1258 1127 1325 matrem
1149 1257 1262 1320 cuncta
1283 1257 1401 1332 narrat,

301 1379 379 1444 quae
401 1360 460 1425 sibi
482 1381 625 1444 supremo
649 1359 803 1444 colloquio
819 1363 907 1444 pater
924 1361 1050 1426 dixerat.
1087 1360 1192 1444 Atque
1214 1361 1274 1425 hoo
1288 1360 1401 1424 mulier

300 1465 431 1529 nimium
447 1465 601 1530 admirata
616 1465 783 1542 indicavit,
805 1465 886 1548 quod
898 1465 986 1530 vanis
999 1465 1118 1530 artibus
1131 1466 1201 1530 lusa
1216 1465 1322 1547 probri
1334 1484 1400 1529 rem

242 1572 282 1629 10
299 1569 434 1634 fecisset.
471 1570 560 1634 Patri
583 1589 703 1654 quoque
720 1569 802 1634 fflius
816 1570 1014 1653 sepulchrum
1028 1570 1121 1654 erigit
1138 1569 1400 1654 operosissimum.

387 1673 441 1741 15.
487 1675 578 1758 [on]
622 1673 788 1740 Enimvero
819 1675 981 1758 Philippus
1011 1675 1150 1758 Delphos
1182 1675 1282 1740 mittit
1309 1695 1401 1757 super

298 1779 387 1862 regni
409 1778 457 1844 sui
476 1777 628 1844 sollicitus
652 1798 843 1858 successore,
867 1799 1109 1864 responsumque
1130 1780 1249 1862 accepit
1269 1780 1302 1844 in
1318 1781 1401 1844 hunc

260 1891 262 1899 ’
297 1884 441 1948 modum:
470 1883 525 1962 „O
545 1883 706 1966 Philippo,
735 1883 762 1948 is
791 1883 917 1949 domum
945 1883 1007 1949 tuis
1037 1885 1181 1968 omnique
1205 1884 1278 1948 orbe
1301 1885 1400 1966 potie-

297 1989 366 2066 tur,
395 1988 568 2070 quicunque
590 1987 804 2070 Bucephalum
834 2008 946 2076 equum
970 1989 1109 2054 insiliens
1132 1988 1269 2054 medium
1291 1989 1398 2054 Pellae

240 2097 279 2155 15
297 2093 466 2158 transierit.
476 2099 494 2127 “
538 2093 717 2158 Vocabatur
748 2093 831 2158 enim
859 2113 957 2178 equus
983 2093 1053 2173 ille,
1082 2113 1173 2178 quem
1201 2114 1295 2178 supra
1321 2094 1399 2158 dixi-

297 2216 382 2276 mus,
405 2216 440 2262 eo
462 2198 595 2263 nomine.

384 2408 407 2460 1.
428 2405 463 2459 Et
478 2405 545 2472 sebtt
561 2407 594 2460 D.
694 2406 829 2476 Numquid
847 2408 881 2460 D.
986 2407 1059 2462 filius
1071 2409 1253 2462 tuussumD.
1338 2408 1395 2461 Ma·

296 2507 347 2560 gas
364 2491 515 2560 respondet.
551 2493 595 2546 lta
611 2507 669 2546 esse
690 2492 824 2547 confiteor.
843 2494 876 2546 D.
947 2493 1075 2563 magam
1093 2493 1295 2564 ingressumque
1305 2495 1336 2550 D.
1355 2496 1395 2548 in-

295 2591 403 2652 gressus
423 2579 457 2634 H.
493 2581 630 2649 ingressas
646 2579 700 2633 BR.
804 2581 830 2635 3.
849 2579 1027 2649 Olimpiadam
1045 2581 1119 2634 HVc.
1214 2598 1292 2650 quarn
1310 2585 1395 2636 artem

295 2681 402 2720 uxorem
422 2667 451 2720 L.
555 2667 670 2736 partitus
689 2667 723 2720 H.
830 2667 1049 2722 insimilitudine
1068 2668 1099 2721 D.
1136 2666 1187 2721 dei.
1215 2673 1310 2723 cuncta
1327 2686 1395 2738 quae

294 2753 367 2806 lacta
385 2753 473 2807 fuerat
491 2753 648 2808 enucleanit.
668 2755 701 2807 D.
799 2757 824 2807 4.
842 2753 877 2808 Et
894 2755 917 2808 is
936 2755 970 2808 H.
1069 2755 1158 2808 anima
1177 2754 1250 2809 HVa.
1334 2757 1394 2809 ilico

296 2841 449 2908 exspiranit.
470 2841 504 2893 D.
590 2841 660 2894 Hinc
678 2839 820 2894 ADERVc.
856 2841 907 2894 Hic
925 2841 1047 2895 HLBVa.
1146 2843 1172 2896 5.
1191 2846 1267 2911 pater
1285 2843 1341 2895 eins
1359 2843 1392 2894 D.

295 2926 452 2980 naturaliter
470 2926 502 2980 A.
591 2929 616 2982 6.
636 2930 723 2980 motus
742 2927 776 2980 D.
865 2928 941 2996 ponit
959 2928 992 2982 D.
1080 2928 1197 2982 humeris
1213 2929 1346 2982 hominem
1360 2929 1391 2980 H.

295 3013 320 3066 7.
337 3013 448 3067 reuertit
464 3013 603 3082 corr-ipim
620 3030 672 3068 aas
689 3017 808 3068 reuemat
825 3013 856 3068 Ε.
892 3013 1009 3068 humeris
1022 3015 1085 3069 suis.
1103 3017 1246 3088 regiaeque
1255 3019 1344 3070 uectat
1359 3017 1392 3069 D.

294 3103 400 3154 enarrat
417 3100 466 3155 Va.
503 3101 528 3155 ei
545 3103 638 3156 narrat
655 3101 688 3154 D.
776 3101 802 3155 8.
821 3100 872 3155 sibi
888 3101 955 3167 fehlt
972 3102 1029 3156 DR.
1116 3105 1193 3170 pater
1205 3119 1327 3172 supremo
1340 3103 1393 3156 col·

293 3187 383 3256 loquio
402 3187 434 3241 R.
470 3187 519 3241 sub
536 3189 621 3256 primo
639 3188 673 3241 D.
764 3191 844 3256 atquc
861 3187 923 3243 huic
940 3189 972 3242 R.
1074 3189 1099 3243 9.
1118 3189 1229 3242 nimium
1248 3187 1342 3244 muher
1360 3191 1392 3244 B.

293 3273 420 3328 indicavit
438 3273 615 3328 HLABDER.
657 3273 714 3328 Hoc
738 3272 868 3329 domhata
887 3279 929 3328 cst
946 3274 1042 3328 mulier
1064 3278 1092 3328 et
1115 3291 1191 3328 secus
1215 3276 1248 3328 de
1266 3291 1294 3330 se
1314 3293 1392 3346 quarn

292 3359 413 3414 voluerat
431 3360 559 3414 indicavit
576 3361 713 3430 (iudicavit
729 3361 799 3429 Va).
820 3361 884 3415 Vae.
992 3359 1062 3432 quod
1080 3361 1194 3415 ADVac.
1229 3366 1293 3432 quot
1310 3363 1393 3416 corri-

290 3445 359 3514 pient
375 3461 428 3500 aue
452 3447 521 3516 quod
538 3447 570 3500 B.
607 3451 673 3516 quot
695 3447 772 3501 BER.
810 3451 852 3501 cot
870 3448 905 3501 H.
1012 3448 1087 3502 vanis
1106 3448 1156 3500 Va.
1191 3449 1268 3500 annis
1286 3449 1391 3502 HABE.

293 3533 437 3602 quotannis
462 3535 493 3588 L.
538 3537 581 3588 tot
607 3535 685 3588 annis
710 3533 759 3588 Va.
809 3551 892 3588 annos
919 3535 951 3589 R.
998 3535 1068 3604 quod
1093 3535 1203 3602 magicis
1228 3535 1330 3588 artibus
1357 3536 1391 3589 D.

292 3621 394 3674 scilicet
408 3620 511 3675 artibus
528 3620 593 3674 Vae.
698 3620 791 3675 delusa
808 3622 840 3675 B.
945 3621 1035 3690 probri
1052 3637 1108 3676 rom
1132 3621 1295 3676 LABERVo.
1329 3638 1391 3690 pro-

291 3706 368 3762 brare
385 3707 420 3762 H.
457 3706 631 3777 probritatem
648 3707 698 3760 Va.
734 3708 856 3777 proprole
874 3708 979 3764 fnisset.
999 3709 1033 3762 D.
1069 3709 1104 3760 Ἡ
1121 3709 1150 3760 δὲ
1171 3706 1336 3779 (Ὀλυμπιὰς
1349 3708 1390 3780 C.)

292 3783 463 3868 θαυμάσασα
479 3799 601 3865 κατέγνω
617 3795 711 3862 ἑαυτῆς
730 3794 840 3864 (ἑαυτὴν
858 3795 924 3866 AC.)
947 3793 983 3856 ὠς
1000 3799 1175 3860 πλανηθεῖσα
1192 3800 1325 3867 μαγείαις
1344 3799 1391 3848 καὶ

291 3882 466 3950 προδοθεῖσα
487 3879 606 3949 ἀνοήτως
634 3879 681 3950 (ὡς
699 3884 874 3948 πλανηθεῖσα
893 3883 1086 3951 (πλανηθεῖσαν
1104 3879 1145 3950 C.)
1172 3879 1216 3934 ὑπ’
1244 3882 1327 3934 cutroni
1344 3885 1390 3934 καὶ

290 3967 367 4035 (semo
386 3967 417 4036 L)
435 3973 569 4036 μαγικαῖς
586 3973 777 4036 κακοτεχιῖαις
794 3973 980 4039 μοιχευθεῖσα
997 3965 1029 4022 Β.
1061 3967 1213 4037 ἐμοιχεύθη
1228 3967 1269 4036 L.)
1289 3967 1390 4022 ALBC.

377 4053 422 4107 lb.
450 4053 491 4107 11.
510 4053 584 4106 misit
602 4069 681 4122 super
698 4055 773 4123 regni
792 4055 885 4123 suique
904 4052 954 4106 Va.
1059 4053 1100 4106 12.
1119 4069 1297 4108 successorem
1316 4054 1389 4106 RVa.

290 4138 427 4208 philippus
448 4155 509 4194 cnm
525 4141 624 4194 sortem
642 4141 762 4194 mitteret
780 4157 859 4209 super
883 4155 995 4210 regnum
1019 4156 1097 4194 suurn
1114 4141 1245 4194 sollicitus
1264 4157 1311 4193 suo
1330 4155 1389 4193 suc·

290 4241 392 4280 sessore
411 4227 444 4280 D.
537 4243 694 4296 responsum
711 4227 795 4281 HDR.
899 4227 940 4282 13.
963 4225 1005 4280 bis
1022 4227 1077 4280 LA.
1173 4227 1337 4295 OPhilippe
1356 4255 1388 4264 -

290 4313 408 4382 potietur
423 4312 491 4380 seblt
510 4313 543 4366 D.
652 4316 694 4368 14.
713 4313 893 4382 Bucephalam
912 4313 987 4368 DVa.
1033 4313 1156 4368 bucefalu
1177 4313 1211 4368 H.
1251 4312 1389 4382 Bucepha-

288 4399 423 4454 lamRVc.
442 4399 590 4454 bucefalum
602 4399 680 4454 ΑΒΕ.
699 4400 863 4455 buoaelalam
880 4401 910 4454 L.
981 4399 1036 4470 pell
1049 4409 1082 4454 ue
1096 4401 1129 4453 H.
1211 4401 1252 4456 15.
1265 4385 1388 4456 transde-

287 4487 324 4542 rit
341 4487 372 4541 B.
476 4488 523 4543 ille
545 4487 612 4554 fehlt
628 4487 717 4542 DVac.
753 4505 833 4558 quarn
851 4489 886 4544 H.
922 4505 1000 4558 quem
1018 4487 1196 4558 praediximus
1214 4487 1246 4542 R.
1331 4521 1337 4532 ι
