3208 5024
693 417 721 481 1,
743 418 785 472 10.
1265 418 1299 470 13

188 582 321 660 numini,
342 601 472 646 manum
493 579 653 664 protendit
675 581 715 646 ad
740 581 882 645 bestiam.
917 579 972 644 ·At
993 597 1068 644 vero
1091 579 1183 644 draeo
1206 583 1300 662 eaput

188 686 221 750 in
244 687 347 751 sinum
369 685 510 750 mulieris
533 685 747 767 [clementius]
770 683 930 762 extendit,
960 686 993 748 et
1015 703 1106 748 omne
1129 703 1243 768 agmen
1267 683 1299 746 in

190 789 308 872 spiram
327 788 522 854 mansuetius
543 787 688 871 collegit,
712 789 744 851 et
766 789 946 870 promptum
962 805 996 851 os
1012 787 1138 854 mulieri
1152 787 1298 870 porrexit.

191 891 304 975 Sisque
327 892 440 955 dehine
462 891 558 956 uertit
580 910 613 955 se
635 892 667 954 in
691 890 826 972 aquilam
851 893 884 954 et
899 890 1007 955 volatu
1022 891 1175 956 discessit.
1212 893 1300 956 Tune

190 1015 227 1060 er
266 995 471 1060 admiratione
504 994 669 1076 Philippus
709 994 918 1058 exhilaratus:
965 995 1018 1071 „0
1050 995 1212 1070 ¹eoniun“‚
1246 996 1337 1072 aito

191 1099 320 1181 „patuit
351 1117 424 1162 vero
454 1100 676 1180 argumentum
705 1095 803 1160 dirim
833 1096 916 1160 eirea
945 1099 978 1160 te
1000 1097 1113 1162 eultus.
1157 1097 1301 1162 Vidimus

191 1203 274 1266 enirn
306 1202 399 1266 deum
431 1201 633 1266 auxiliantem
665 1199 741 1278 tibi,
778 1199 854 1264 lieet
886 1199 956 1282 quis
988 1200 1015 1262 is
1049 1203 1114 1278 est,
1152 1200 1300 1279 nesciam,

190 1306 304 1389 quippe
329 1304 386 1369 ‚vsl
413 1305 522 1370 Iovem
552 1324 587 1369 er
615 1303 733 1386 aquile,
764 1303 815 1367 vel
845 1301 1034 1367 Ammonem
1064 1323 1100 1367 er
1132 1303 1275 1368 dracone.
1283 1311 1300 1338 ‘⁶

191 1410 243 1474 Ad
262 1411 341 1474 haec
363 1407 493 1472 mulier:
522 1407 736 1486 „Ammonem
759 1426 792 1470 se
813 1406 938 1488 quidem
959 1407 1118 1488 professus
1139 1409 1205 1484 est,
1227 1407 1302 1471 dum

191 1513 328 1596 primum
367 1530 490 1576 meeum
533 1511 698 1575 convenire
737 1510 885 1594 diguatus
923 1511 987 1588 est,
1032 1510 1154 1574 scilieet
1185 1509 1301 1592 Libyae
1322 1521 1362 1578 10

194 1617 355 1680 domiuum
379 1615 580 1678 universae.“
777 1601 783 1612 ’

284 1841 307 1891 l.
332 1836 436 1891 abestis
459 1836 494 1889 H.
535 1835 687 1890 nbaefitiam
712 1835 742 1888 L.
786 1851 819 1888 sn
845 1834 960 1888 bestiam
987 1834 1034 1888 Vn.
1076 1839 1158 1904 ceput
1178 1836 1247 1902 fehlt
1271 1837 1301 1892 E.

193 1924 218 1976 2.
243 1925 271 1978 in
290 1915 373 1978 sinn'⁸
396 1922 516 1976 mulieris
533 1922 564 1974 E.
601 1911 656 1976 Atd
681 1923 762 1989 caput
783 1921 873 1974 insinu
896 1921 1005 1974 muleris
1029 1921 1107 1976 draeo
1129 1922 1162 1974 D.
1250 1924 1302 1976 ele·

196 2011 313 2064 mentius
325 2010 357 2062 B.
394 2009 544 2062 dementius
563 2007 598 2059 H.
633 2006 700 2072 setlt
715 2007 858 2060 LADDVe.
937 2007 965 2060 in
978 2008 1077 2074 spiram
1090 2007 1137 2060 Vc.
1155 2007 1257 2076 inspire
1269 2009 1303 2060 D.

193 2097 295 2164 inspira
320 2095 351 2147 L.
394 2095 421 2148 in
451 2101 531 2162 spere
557 2095 588 2146 B.
628 2093 764 2161 inspersm
791 2093 826 2145 H.
868 2093 896 2145 in
924 2107 1001 2160 spera
1023 2093 1055 2146 Α.
1097 2093 1124 2146 ln
1151 2092 1248 2160 sphera
1271 2093 1302 2146 Ε,

194 2184 220 2234 3.
238 2184 393 2235 mansuetus
411 2181 443 2232 A.
515 2179 530 2232 ὁ
550 2179 580 2232 ol
599 2179 737 2248 ἐξεγείρας
753 2177 853 2230 ἑαυτὸν
873 2178 1010 2244 ἐπέθηκεν
1027 2178 1123 2230 ἑαυτοῦ
1140 2176 1172 2231 τὸ
1191 2183 1304 2248 γένειον

195 2271 234 2324 εἰς
258 2266 307 2332 τὴν
324 2273 438 2340 χεῖρον,
469 2263 500 2317 τὸ
524 2264 555 2317 δὲ
579 2263 644 2316 ὅλον
668 2267 750 2334 σῶμα
774 2262 843 2335 πρὸς
867 2259 916 2314 τὸν
940 2260 1047 2316 κόλπον
1072 2260 1236 2333 προσβαλὼν
1254 2262 1304 2329 τὴν

195 2351 318 2418 δίχειλον
340 2355 464 2420 γλῶτταν
488 2351 516 2402 ελ
540 2353 586 2401 καλ
607 2349 685 2421 ἥριον
710 2353 828 2419 στοργῆς
846 2350 892 2400 καλ
910 2351 1006 2418 φιλίας
1025 2348 1097 2418 πρὸς
1113 2346 1176 2406 τοὺς
1193 2352 1302 2418 θεωμέ-

194 2454 258 2496 νους
283 2440 327 2488 καὶ
353 2433 438 2489 αὐτὸν
461 2433 513 2488 τὸν
534 2437 680 2487 Φίλιππον
702 2432 935 2504 ἐπιδεικνύμενος.
953 2433 986 2486 A.
1022 2438 1069 2486 καὶ
1087 2435 1222 2507 ἐξεγείρας
1238 2433 1302 2486 ἑαυ-

192 2520 240 2574 τὸν
266 2519 281 2574 ὁ
309 2521 431 2596 δράκων·
458 2521 576 2572 {uddone
593 2518 624 2572 τὸ
641 2523 751 2588 γένειον
771 2521 818 2570 καλ
838 2516 972 2572 ἐκύκλωοε
993 2517 1106 2578 πάντας.
1143 2522 1197 2570 Καὶ
1218 2517 1303 2584 ἦλθεν

191 2608 238 2660 ent
263 2607 298 2660 τὰ
325 2605 430 2676 γόνατα
449 2603 638 2676 ὀλυμπιάδος.
666 2609 711 2656 καλ
733 2603 885 2674 προβαλών
903 2603 954 2669 τὴν
972 2605 1093 2674 δίχειλον
1111 2606 1195 2658 αὐτοῦ
1213 2609 1303 2674 γλῶσ-

194 2709 248 2748 σαν
273 2695 451 2763 κατεφίλισεν
475 2692 573 2757 αὐτὴν
601 2689 753 2763 τεκμήριον
772 2695 889 2762 στοργῆς
906 2690 922 2742 ὁ
937 2689 1050 2759 δράκων
1066 2688 1134 2762 πρὸς
1150 2688 1213 2748 τοὺς
1230 2697 1301 2742 θεω-

192 2783 309 2850 ροῦντας
335 2776 513 2847 ποιούμενος.
538 2776 567 2828 1..
615 2779 661 2827 καὶ
686 2777 820 2846 ἐξεγείρας
842 2773 939 2828 ἑαυτὸν
963 2775 978 2827 ὁ
1006 2773 1115 2844 δράκων
1135 2776 1253 2840 ἐπέθηκε
1272 2775 1303 2828 τὸ

195 2867 304 2932 γένειον
327 2867 373 2916 καὶ
399 2863 553 2916 ἐκύκλωσεν
580 2860 703 2926 πάντως,
731 2865 777 2912 καλ
801 2863 931 2926 εἰσῆλθεν
957 2862 1003 2914 ἐπὶ
1031 2860 1063 2912 τὰ
1083 2859 1187 2929 γόνατα
1204 2861 1309 2932 Ὀλυμ--

192 2947 295 3007 πιάδος
321 2953 368 3001 καλ
392 2946 541 3020 προβαλὼν
566 2947 615 3010 τὴν
643 2947 758 3016 δίχηλον
781 2947 916 3014 (δίχηλον
933 2945 965 2999 Β.
993 2945 1125 3015 dignior
1144 2947 1185 3018 C.)
1219 2946 1303 3000 αὑτοῦ

193 3037 325 3102 γλῶσσαν
348 3037 529 3104 κατεφίλησεν
558 3030 656 3097 αὐτὴν,
682 3029 830 3102 τεκμήριον
855 3031 1002 3105 στοργῆςό
1022 3029 1136 3099 δράκων
1154 3031 1222 3106 πρὸς
1239 3032 1305 3096 τοὺς

195 3125 369 3189 θεωροῦντας
392 3115 568 3188 ποιούμενος.
588 3117 642 3169 BC.
678 3116 716 3170 At
735 3133 798 3170 vero
816 3117 909 3178 draeo,
928 3119 960 3171 ut
977 3117 1125 3171 lubentium
1146 3119 1187 3172 sui
1207 3120 1302 3186 prode-

193 3207 249 3266 ret,
273 3207 302 3258 et
326 3207 406 3272 caput
429 3205 457 3257 in
483 3205 571 3258 sinum
595 3203 714 3256 mulieris
740 3203 870 3262 extendit,
896 3207 924 3256 et
945 3219 1022 3256 omne
1043 3219 1141 3271 agmen
1158 3205 1186 3258 iu
1203 3206 1304 3272 spiram

196 3291 313 3359 (sperem
332 3290 401 3358 cod.)
421 3290 587 3344 mansuetius
605 3289 725 3357 colligit,
745 3293 773 3343 et
791 3291 833 3358 (ea
845 3289 914 3357 eod.)
933 3289 1046 3358 genibus
1059 3290 1171 3359 [sinum]
1184 3292 1304 3346 mulieris

195 3377 315 3431 insidens
333 3380 486 3446 promptum
506 3393 535 3430 os
554 3377 679 3444 porrigit,
699 3379 727 3428 et
745 3392 804 3429 eum
822 3375 926 3430 bisulos
942 3375 1037 3442 lingua
1054 3376 1159 3430 vibratu
1178 3377 1247 3442 (oum
1266 3379 1303 3432 ibi

194 3463 266 3516 sulco
294 3464 403 3531 linguae
429 3463 534 3516 vibrato
557 3461 627 3530 eod.)
653 3462 773 3516 osculum
797 3463 886 3516 uxoris
908 3461 1028 3524 affectet,
1053 3478 1086 3514 ne
1110 3463 1173 3531 quid
1196 3464 1303 3518 omnino

194 3548 327 3616 coniugali
337 3550 399 3602 fidei
419 3549 525 3602 deesset
538 3549 640 3616 (deesse
653 3547 744 3616 endi)
760 3547 832 3615 apud
845 3549 929 3616 [euml
947 3547 1087 3610 meritum,
1106 3548 1148 3601 eui
1160 3549 1224 3602 talis
1236 3550 1303 3603 visio

195 3634 418 3699 proderetnr.Ve.
489 3634 559 3696 4.S;
578 3633 717 3686 dehincD.
786 3635 812 3687 6.
832 3633 865 3686 ᾗ·
879 3634 1008 3701 patuitD.
1068 3649 1130 3686 uere
1143 3635 1174 3686 B.
1193 3649 1257 3701 ergo
1267 3637 1301 3690 H.

193 3723 351 3785 argumento
365 3720 473 3774 diuinus
487 3703 549 3784 (non
563 3719 633 3772 aller
649 3717 726 3772 tund
736 3719 876 3786 corripuere
893 3735 947 3774 oue
962 3721 1150 3786 argumentum
1163 3719 1258 3788 diuini)
1271 3722 1303 3774 L.

196 3803 220 3856 7.
240 3805 282 3857 his
300 3805 393 3874 LAVp.
428 3805 495 3869 sctit
512 3806 546 3858 D.
635 3805 672 3858 sit
689 3804 838 3858 nesciemus
851 3805 884 3857 D.
967 3805 991 3858 8.
1006 3805 1118 3858 dracoue
1131 3807 1256 3872 putemus
1268 3807 1303 3860 D.

196 3891 221 3943 9.
235 3891 532 3959 Ammoneminquitse
545 3890 681 3958 professus
694 3891 806 3942 estesse
819 3891 852 3942 D.
907 3906 966 3944 curn
979 3891 1011 3944 B.
1068 3891 1234 3958 ltprimum
1246 3891 1302 3945 Dli.

195 3973 340 4052 plurimum
366 3976 398 4028 Α.
443 3977 529 4043 primo
556 3976 614 4029 HL.
719 3989 821 4028 meeum
848 3975 915 4040 selae
941 3977 975 4028 D.
1082 3975 1146 4030 dffin
1174 3977 1246 4055 libye
1270 3979 1303 4032 D.

194 4060 297 4116 9-11.
316 4060 359 4114 Ad
383 4059 449 4114 haee
467 4091 499 4099 —
519 4063 659 4114 universae
675 4059 743 4126 fehlt
762 4061 810 4112 Ve.
844 4061 880 4110 ‘11
896 4061 925 4114 dl
943 4059 1097 4130 Ὀλυμπιὰς
1116 4061 1195 4116 einer
1215 4060 1302 4129 αὐτῷ·

195 4143 325 4210 ,,Καθώς
348 4145 407 4214 (μοι
427 4143 469 4214 C.)
493 4144 628 4212 ἐδήλωσεν
650 4139 731 4204 οὗτὸς
754 4144 798 4197 ὅτε
824 4164 877 4214 μοι
894 4148 1047 4210 συνῆλθεν,
1071 4143 1179 4212 ἁπάσης
1197 4145 1305 4214 Λιβύης

194 4229 273 4298 (θεὸς
294 4230 335 4299 C.)
367 4227 480 4301 Ἄμμων
506 4231 614 4285 ίοτίν.“
635 4230 689 4284 Bc.
734 4229 832 4282 Dr'eser
860 4235 918 4284 salz
943 4230 981 4284 iel
1006 4229 1037 4282 in
1064 4231 1087 4283 A
1112 4246 1184 4298 puna
1209 4247 1305 4298 auspe-

193 4314 297 4382 ίοίλοι,
323 4317 354 4369 im
381 4315 403 4368 L
436 4314 501 4368 sind
531 4330 587 4367 mn
613 4314 657 4368 die
683 4315 887 4382 anfanparoorte
913 4314 1002 4369 rouen
1027 4315 1179 4381 peblreben:
1214 4317 1251 4368 Ἡ
1274 4318 1305 4372 δὲ

193 4399 357 4471 Ὀλυμπιὰς.
