3208 5024
315 415 348 470 16
818 414 847 480 1,
870 414 911 470 13.

313 576 408 652 lium,
434 594 451 640 o
474 575 605 652 mulier,
627 575 705 639 mihi
727 575 913 658 profitebor,
944 595 1006 640 non
1029 572 1188 640 nutriendi
1210 573 1293 658 quod
1315 577 1426 640 natum

312 680 376 754 est,
400 679 548 759 quoniam
558 676 592 742 id
608 677 645 742 de
663 697 733 743 meo
749 679 869 744 semine
884 696 946 743 non
966 679 1124 760 provenit;
1146 678 1201 742 sed
1215 697 1287 744 cum
1302 679 1427 744 ridcam

312 781 452 846 sobolem
479 800 548 846 esse
579 781 735 858 divinam,
767 780 827 846 diis
855 800 979 864 quoque
1014 784 1108 864 atque
1141 782 1306 847 elementis
1339 783 1426 846 cordi

311 885 423 961 fuisse,
454 884 535 948 votis
565 885 759 949 educationis
785 884 916 964 accedo,
946 884 1040 967 inque
1064 885 1130 949 eius
1151 884 1209 948 filii
1231 885 1425 963 memoriam,

274 988 365 1070 equi
392 987 468 1052 mihi
498 1007 535 1052 er
562 988 717 1071 prioribus
746 988 864 1070 nuptiis
893 991 987 1054 uatus
1009 989 1171 1065 occubuit,
1201 989 1373 1053 Alexandri
1395 989 1426 1053 ei

310 1109 423 1156 nomen
453 1089 542 1156 dabo.
551 1097 569 1125 “
633 1093 666 1173 [7
674 1092 725 1172 n]
770 1091 848 1156 Post
878 1111 951 1156 vero
983 1091 1120 1175 regalius
1142 1093 1174 1156 et
1193 1093 1423 1174 competentius

310 1194 462 1260 alebatur.
516 1195 594 1258 Erat
623 1197 730 1260 autem
758 1195 849 1258 uultu
879 1197 912 1258 et
943 1193 1044 1258 forma
1066 1194 1311 1276 pulcherrimus,
1346 1196 1424 1260 eub-

309 1297 412 1380 crispa
448 1297 612 1380 paululum
649 1299 682 1362 et
719 1298 854 1362 flavente
894 1298 1032 1362 caesarie
1063 1301 1096 1361 et
1129 1317 1236 1362 comae
1269 1297 1422 1376 leoninae,

309 1400 407 1464 oculis
436 1400 556 1484 egregii
585 1399 722 1478 decoris,
753 1401 853 1465 altero
884 1399 1053 1466 admodum
1084 1401 1190 1484 nigro,
1227 1400 1317 1466 laevo
1349 1420 1422 1466 vcro

251 1509 291 1566 10
308 1503 421 1586 glauco
454 1507 548 1585 atque
580 1503 734 1568 dissimili.
779 1503 948 1568 Crescebat
970 1522 1062 1587 ergo,
1091 1507 1128 1567 ut
1149 1505 1286 1588 corporis
1308 1505 1422 1588 gratia,

307 1607 354 1670 ita
383 1607 560 1671 studiorum
589 1609 622 1670 et
644 1593 827 1688 prudentiae
850 1607 1023 1672 maiestate.
1068 1607 1181 1672 Nutrix
1205 1607 1272 1672 cius
1294 1607 1421 1671 Alacri-

307 1710 372 1786 nis‚
405 1710 607 1792 paedagogus
638 1709 810 1794 Leonides,
844 1711 1044 1775 litteraturae
1073 1711 1232 1774 Polinicus
1261 1711 1421 1793 magister.

307 1813 445 1877 musicus
475 1813 644 1894 Alcippus,
669 1813 884 1895 'geometricae
910 1813 1087 1890 Menecles,
1119 1813 1273 1878 oratoriae
1301 1813 1420 1878 Anari-

307 2007 390 2060 fuissc
409 2007 533 2060 omulier
550 2007 690 2060 consilium
707 2007 853 2074 profitebor
870 2007 917 2060 Vc.
1001 2011 1025 2062 1.
1046 2007 1173 2076 profiteor
1190 2010 1223 2060 A.
1246 2005 1420 2078 Ἠβοοίόμην

306 2092 440 2165 μέναῠτὸ
460 2092 500 2164 μη
522 2091 689 2166 ἀναθρέψαι
709 2091 756 2145 διὰ
776 2093 806 2156 τὸ
824 2093 951 2164 γέννημα
970 2092 1040 2164 ἐμὸν
1056 2092 1096 2161 μὴ
1116 2093 1201 2146 εἶναι·
1221 2093 1322 2146 ALBc.
1393 2091 1419 2146 ἶι

307 2178 398 2232 nub-ia
415 2178 449 2231 H.
484 2177 629 2232 nutrienda
649 2186 679 2232 ec
702 2179 749 2246 qui
772 2181 852 2232 natus
879 2187 902 2232 c.
928 2178 961 2230 D.
1067 2180 1093 2232 2.
1123 2179 1186 2246 qnia
1210 2177 1239 2231 id
1261 2179 1293 2231 dc
1318 2179 1418 2231 semine

307 2281 366 2318 meo
390 2265 423 2317 D.
529 2265 577 2317 sed
602 2263 680 2317 uideo
702 2265 736 2317 D.
845 2267 870 2318 3.
897 2263 1036 2318 clementis
1059 2265 1093 2316 Η.
1200 2265 1288 2318 cordis
1312 2264 1416 2318 HLAE.

307 2347 442 2418 cudusq‘q;
460 2351 488 2403 ct
505 2350 611 2403 elcnitis
630 2349 702 2402 cordi
721 2349 819 2402 fuisset
835 2350 869 2402 D.
975 2349 1054 2402 Enim
1081 2365 1141 2402 cum
1165 2349 1269 2404 videam
1300 2349 1419 2404 sobolem

308 2451 366 2490 esse
396 2435 529 2498 divinam,
559 2433 785 2504 editata'onemque
816 2436 903 2502 ipsam
930 2434 1070 2488 elementis
1098 2437 1125 2488 et
1149 2435 1201 2488 diis
1224 2436 1326 2504 pariter
1346 2435 1417 2490 cordi

307 2522 391 2576 luisse
403 2522 450 2574 Vc.
487 2519 544 2574 ἀλλ’
565 2519 661 2587 ἐπειδὴ
681 2519 735 2594 ὁρῶ
753 2519 802 2586 τὴν
819 2521 873 2590 μὲν
891 2519 1000 2592 σπορὰν
1019 2519 1107 2573 οὖσαν
1120 2525 1203 2582 θεοῦ,
1222 2521 1273 2574 τὸν
1292 2523 1322 2575 ol
1340 2539 1417 2576 τοκε-
1528 2568 1540 2590 ,

306 2606 356 2660 τὸν
373 2609 512 2678 ίπίοημον
531 2607 589 2675 (καὶ
608 2607 662 2674 LO)
693 2607 828 2676 κοσμικόν
845 2604 944 2658 ALBC.
1050 2605 1076 2659 4.
1095 2607 1166 2659 votis
1185 2606 1350 2662 educationis
1369 2607 1417 2659 Vc.

307 2693 377 2746 votis
394 2692 463 2757 fehlt
481 2692 635 2746 HLABDE.
742 2690 907 2744 educationis
925 2691 981 2743 ΑΕ.
1018 2689 1170 2744 ducaciouis
1197 2693 1232 2745 H.
1268 2691 1417 2746 aedocatic·

308 2779 350 2831 nis
367 2779 397 2830 L.
435 2778 585 2831 educationi
603 2779 634 2830 B.
672 2777 823 2831 educationi
842 2792 900 2829 cese
919 2775 1034 2829 concedo
1052 2777 1085 2828 R.
1122 2777 1229 2830 ducatu.
1248 2777 1358 2830 Accedit
1375 2778 1417 2830 in·

307 2865 366 2932 quit
385 2862 434 2916 filii
453 2864 588 2916 memoria.
608 2863 641 2915 D.
729 2865 755 2918 5.
772 2861 924 2916 Alexander
942 2863 974 2914 D.
1010 2862 1161 2933 τρεῳέσθω
1180 2867 1219 2921 είς
1236 2861 1350 2931 μνήμην
1369 2866 1418 2914 τοῦ

306 2946 515 3016 τελευτήσαντός
533 2969 591 3018 μου
614 2945 715 3005 παιδὸς
732 2945 919 3016 γεννηθέντος
936 2945 1121 3018 (γενναμένου
1140 2967 1196 3017 μου
1207 2947 1236 3000 L.
1261 2945 1416 3018 γενομένου

306 3039 365 3108 μοῦ
380 3034 421 3102 O.)
440 3035 469 3088 έν
480 3037 527 3100 τῆς
539 3032 674 3107 προτέρας
686 3049 741 3103 μου
755 3031 898 3102 γυναικός·
918 3037 1060 3086 καλείσθω
1075 3034 1103 3087 δὲ
1116 3031 1304 3108 Ἀλέξανδρος,
1314 3033 1415 3088 ALBO.

306 3124 332 3192 6,
349 3120 449 3174 Postea
466 3120 497 3172 R.
603 3119 628 3172 7.
655 3118 822 3172 initiabatur.
841 3119 873 3172 R.
980 3117 1132 3188 subscrispa
1155 3119 1189 3171 Η.
1225 3119 1362 3188 subcrispo
1382 3120 1415 3172 D.

306 3207 332 3259 8.
357 3206 494 3274 paululum
520 3205 550 3258 E.
596 3205 679 3272 paulu
705 3206 741 3256 H.
850 3204 967 3258 flauente
986 3205 1017 3257 L.
1064 3207 1093 3258 et
1120 3204 1214 3258 ilaueis
1242 3206 1354 3273 capillis.
1381 3206 1414 3257 D.

276 3295 379 3344 'come
404 3291 509 3344 leonine
533 3289 684 3344 HLABER.
730 3305 803 3343 coma
828 3290 898 3344 sicut
919 3289 1025 3343 leonine
1050 3291 1097 3342 Vc.
1145 3306 1221 3344 coma
1251 3291 1359 3344 leonina
1380 3290 1414 3342 D.

306 3376 420 3450 μορφὴν
428 3378 481 3447 μέν
493 3375 568 3444 εἶχεν
581 3373 745 3448 ἀνθρώπου,
763 3374 813 3441 τὴν
826 3377 856 3429 dl
866 3381 968 3445 χαίτην
980 3379 1101 3438 λέοντος,
1119 3375 1220 3429 ALBC.
1308 3377 1332 3429 i).
1347 3376 1417 3428 oculi

306 3462 363 3515 eius
382 3461 415 3514 D.
435 3459 505 3514 oculi
522 3461 592 3514 EVc.
613 3460 734 3528 oculique
747 3460 779 3512 R.
860 3461 933 3530 egrei
951 3460 1065 3514 idecoris
1084 3461 1118 3512 ΙΙ.
1195 3461 1309 3514 alterum
1324 3461 1414 3513 admo-

306 3549 368 3601 dum
379 3547 456 3615 nigro
470 3547 555 3600 altero
568 3547 662 3614 glauco
675 3547 709 3598 D.
762 3547 803 3598 10.
814 3549 895 3614 atque
907 3547 957 3600 ccli
968 3546 1064 3600 similis
1077 3546 1124 3598 Vc.
1182 3547 1222 3598 ll.
1236 3547 1293 3600 eius
1304 3545 1371 3611 sebit
1380 3548 1412 3598 D.

306 3632 444 3685 Alocronis
467 3633 499 3685 R.
535 3631 713 3686 alacrisnimis
734 3631 767 3683 D.
838 3632 880 3683 12.
893 3631 1050 3700 pedagogus
1067 3632 1138 3683 letus
1156 3631 1243 3684 ualde.
1263 3633 1297 3684 D.
1367 3631 1414 3684 lit·

304 3721 424 3772 teratura
436 3719 471 3770 H.
490 3718 689 3771 inlitteratum
701 3717 732 3769 D.
801 3715 996 3770 PolemicusR.
1066 3716 1119 3768 fuit
1128 3716 1257 3784 magister
1266 3717 1298 3769 D.
1358 3731 1413 3768 nra·

304 3803 390 3871 gister
405 3801 472 3867 fehlt
490 3805 519 3856 L.
556 3801 728 3860 διδάσκαλος
746 3800 786 3868 (δὲ
805 3801 849 3870 Α.)
867 3799 1042 3874 γραμμάτων
1067 3801 1195 3868 (Halisca
1211 3800 1253 3870 A.)
1279 3806 1412 3854 Heterei-

305 3889 536 3956 acaemetarum
554 3889 585 3956 L)
605 3887 705 3942 Areo.
815 3889 855 3942 13.
875 3887 991 3941 musicus
1010 3885 1155 3939 HADDVc.
1193 3884 1293 3957 Musicp
1318 3887 1349 3940 B.
1385 3886 1412 3938 in

304 3975 406 4029 musica
423 3975 456 4028 u.
491 3973 559 4039 ατο
575 3974 606 4026 1.
705 3955 820 4043 ..aaa
837 3973 869 4024 n.
908 3972 1025 4039 altrepa
1043 3971 1209 4026 manuve.
1245 3971 1362 4040 luemus
1379 3971 1411 4021 n.

305 4061 353 4114 Vc.
370 4059 432 4128 stipi
449 4060 532 4112 αἰτίαν
551 4059 675 4113 lemnius.
711 4064 842 4132 μουσικῆς
860 4057 888 4110 tid
908 4057 1042 4128 (Λίμνιος
1054 4056 1098 4127 Α.)
1111 4055 1258 4116 Ἄλκιππος
1274 4054 1412 4125 (Λεύκιπ-

307 4165 362 4204 πος
381 4145 435 4198 BC.
462 4151 630 4204 Λευκίππος
648 4146 676 4198 L.
702 4149 850 4217 Λομναΐος
867 4143 899 4196 Β.
924 4147 1066 4214 Λιμναῖος
1079 4143 1144 4214 LG.)
1158 4142 1259 4197 ALBO.
1348 4153 1412 4207 geo-

303 4231 413 4285 metrice
427 4231 577 4284 HLABDR.
614 4231 760 4299 geometria
781 4229 828 4282 Vc.
864 4228 892 4280 in
910 4229 1059 4296 geometria
1076 4231 1110 4282 D.
1213 4225 1361 4280 mcenccles
1381 4224 1411 4277 L.

303 4317 428 4370 monades
446 4316 524 4370 ABE.
562 4317 697 4370 meonidcs
717 4318 751 4370 D.
788 4314 930 4368 Alcmodes
954 4315 986 4367 R.
1023 4314 1070 4367 Vc.
1088 4313 1150 4382 sript
1171 4313 1254 4367 bima
1278 4311 1410 4380 Polopen·

303 4404 401 4458 nesius.
446 4410 613 4476 γεωμετρίας
638 4404 813 4477 (γεομετρίας
840 4403 881 4470 L.)
918 4401 947 4454 dl
977 4399 1062 4466 (sebit
1082 4400 1126 4469 A.)
1156 4403 1303 4471 Μίίεμνος
1328 4396 1355 4466 (ὁ
1377 4396 1410 4464 Β)
