3208 5024
280 423 315 478 58
583 459 587 464 -
773 421 830 486 111,
849 421 892 476 21.

281 583 384 664 3211]
421 583 505 665 Ergo
534 582 589 646 ubi
611 580 650 647 ad
673 581 798 660 urbem,
833 582 866 646 in
894 599 956 662 qua
982 579 1141 663 praefatus
1164 580 1387 664 Bebryciorum

280 688 431 768 tyrannus
461 686 642 750 morabatur
666 705 738 749 cum
769 687 858 766 rapta
886 685 1034 766 coniuge,
1072 682 1279 758 devenerunt,
1316 683 1388 746 iniit

280 789 458 854 Alexander
479 788 659 865 consilium,
693 790 729 852 ut
750 787 876 871 ignibus
895 805 988 868 quam
1009 787 1152 869 plurimis
1172 785 1330 849 succensis
1353 786 1386 848 in
1472 859 1478 870 ,

279 912 392 976 gyrum
421 892 556 974 undique
588 889 767 955 incendium
796 890 867 954 urbi
895 889 1076 954 minaretur.
1122 888 1190 968 Quo
1214 891 1280 954 riso
1303 891 1387 954 cives

243 994 262 1054 5
280 998 373 1078 atque
396 996 591 1078 recognita,
619 995 652 1058 et
674 991 756 1076 quod
777 993 931 1058 exercitus
959 993 1042 1056 esset
1064 989 1231 1056 Oandeulis
1260 1010 1386 1056 uxorem

280 1098 465 1180 repetentis,
493 1096 636 1179 protinus
656 1096 760 1162 aulam
789 1095 912 1178 tyranni
936 1095 1091 1159 irmentes
1117 1096 1387 1176 comprehensam·

281 1219 340 1282 que
367 1201 490 1282 raptam
521 1199 686 1282 coniugem
716 1197 867 1264 Candeuli
896 1197 1083 1272 restituunt;
1120 1197 1232 1278 quibus
1255 1198 1387 1279 patratis

280 1303 397 1368 reversi
418 1305 499 1366 sunt
540 1299 664 1385 [5311]
701 1301 841 1382 Cumque
864 1301 1036 1365 Candaules
1063 1300 1245 1366 Ptolomaeo
1268 1301 1387 1384 gratias

280 1423 335 1487 pro
372 1387 527 1470 beneficio
557 1404 617 1469 sibi
656 1405 780 1470 conlato
817 1403 991 1479 renueret.
1028 1401 1145 1467 fatetur
1178 1402 1387 1478 Ptolomaeus,

224 1513 263 1568 10
281 1526 385 1572 amore
414 1508 524 1572 matris
554 1507 620 1572 eius
651 1505 801 1572 ridendae
831 1524 899 1570 sese
927 1506 1069 1588 flagrare.
1115 1505 1174 1570 Cui
1199 1503 1386 1569 Candaules:

281 1605 354 1686 „lin
376 1612 500 1692 tempus
521 1613 603 1686 est‚“
624 1610 742 1692 inquit,
766 1628 855 1686 „una
869 1626 1001 1674 ‚meeum
1023 1607 1098 1672 illuc
1114 1627 1211 1690 usque
1232 1625 1387 1690 properes,

281 1716 374 1796 atque
397 1713 436 1778 ab
458 1733 494 1777 ea
516 1711 619 1795 dignis
638 1711 785 1793 praemiis
803 1710 1040 1776 remunereris.“
1082 1710 1127 1774 At
1150 1712 1260 1775 contra
1279 1709 1388 1774 Ptolo·

280 1835 405 1880 maeus:
435 1815 554 1891 „Prius
563 1821 590 1892 ,“
618 1813 736 1896 iuquit,
756 1833 838 1895 „per
855 1813 1082 1878 internuntium
1104 1813 1194 1878 nobis
1217 1815 1266 1877 est
1289 1812 1388 1876 collo-

281 1918 454 2000 quendum,
484 1917 589 2000 sicque
613 1917 738 1981 demum
761 1919 885 2000 egomet
907 1915 983 1981 illuc
1011 1915 1207 1998 proficiscen
1241 1915 1389 1981 comitem

224 2022 263 2082 15
280 2019 386 2100 itaque
402 2019 460 2082 tibi
483 2022 575 2100 atquc
596 2019 823 2084 internuntium
847 2019 972 2083 mittam
992 2019 1186 2100 Antigonum
1206 2019 1305 2095 hunc,
1335 2016 1389 2098 qui

280 2120 339 2186 tibi
359 2122 461 2186 socius
483 2121 544 2186 fuit
565 2122 598 2185 in
620 2121 787 2202 repetenda
806 2127 929 2185 urore.“
965 2123 1008 2184 lit
1023 2119 1213 2186 Oandeules:
1238 2121 1389 2202 „Gupio‚“

282 2224 342 2301 ait,
382 2225 506 2302 „etiam
529 2225 612 2289 hunc
633 2223 816 2306 participem
839 2223 905 2288 fieri
927 2223 1040 2306 dignae
1062 2223 1290 2299 retributionis,
1317 2223 1389 2304 quia

282 2326 437 2408 particeps
460 2326 580 2391 exstitit
602 2329 634 2390 et
652 2326 797 2390 laboris.“

369 2427 424 2494 21.
469 2427 616 2510 Acceptis
637 2429 735 2511 igitur
754 2428 931 2502 Alexander
958 2429 1066 2510 paucis
1090 2427 1259 2492 admodum
1283 2446 1389 2492 secum

224 2536 265 2594 20
283 2550 355 2594 eum
388 2528 544 2595 Candeule
578 2529 736 2624 profectus
770 2533 826 2594 est.
882 2533 937 2612 [56
955 2531 993 2592 11.
1028 2535 1069 2593 34
1086 2531 1137 2610 a]
1185 2527 1389 2610 Occumitque

282 2633 463 2698 adventanti
484 2633 549 2697 filio
572 2631 713 2696 Candaoe
735 2633 844 2714 regina
867 2631 1089 2714 congratulans
1110 2633 1155 2709 ei,
1188 2631 1272 2714 quod
1293 2632 1389 2696 amis·

283 2753 349 2800 sam
372 2735 537 2817 coniugem
559 2737 781 2816 recuperasset.
826 2736 868 2798 ut
892 2735 967 2798 dum
989 2753 1082 2816 super
1095 2734 1274 2800 Alexandro
1295 2753 1388 2816 quac-

370 2936 394 2988 1.
413 2935 484 3002 Ergo
504 2949 563 2988 curn
582 2935 616 2987 D.
704 2933 842 3002 praefatus
858 2933 925 3000 setta
943 2935 977 2988 D.
1071 2935 1097 2988 2.
1116 2935 1240 2989 tirannus
1259 2937 1294 2990 Η.
1330 2951 1390 2988 ara·

282 3019 352 3074 mins
371 3019 403 3072 A.
491 3019 646 3074 morabatur
664 3019 733 3086 sctit
749 3021 783 3073 D.
870 3020 926 3073 init
945 3022 979 3074 D.
1067 3023 1094 3076 3.
1113 3024 1144 3076 ut
1155 3021 1264 3091 ignibus
1280 3021 1389 3086 settled,

282 3107 308 3160 4.
329 3107 400 3160 cives
416 3105 483 3172 fehlt
503 3107 536 3160 D.
625 3107 651 3160 5.
669 3115 697 3160 re
710 3106 767 3160 HL.
853 3109 882 3160 et
898 3106 1056 3171 srtltLDE.
1142 3107 1264 3161 candeoli
1281 3122 1389 3160 uxorem

282 3192 402 3260 petentis
426 3193 460 3245 D.
565 3195 591 3248 6.
618 3191 712 3245 aranni
739 3192 876 3245 inruentes
901 3192 934 3245 A.
982 3193 1053 3246 ciues
1081 3194 1204 3261 protinus
1232 3193 1261 3245 in
1287 3193 1390 3260 regiam

281 3276 384 3330 tiranni
403 3276 494 3330 aedom
511 3277 652 3330 irruentes.
678 3277 712 3330 D.
817 3277 1034 3344 comprehensam
1058 3278 1116 3332 BD.
1222 3279 1247 3330 7.
1271 3280 1389 3346 raptam-

283 3377 333 3430 que
350 3363 384 3416 D.
488 3361 521 3415 Id
538 3362 584 3416 ubi
602 3362 703 3416 civibus
729 3363 819 3431 palam
837 3363 937 3416 lactum
956 3368 1012 3427 ert,
1042 3365 1149 3418 irruunt
1176 3363 1255 3417 aedes
1273 3363 1390 3432 tyranni,

282 3447 445 3524 aedibusque
464 3447 623 3514 praefractis
644 3447 764 3515 (aedibus
782 3448 926 3516 praefectis
942 3449 1012 3517 cod.)
1031 3449 1171 3502 mulierem
1190 3449 1312 3517 protinus
1329 3448 1390 3502 red·

282 3531 358 3586 dunt.
377 3531 428 3584 Vb.
534 3532 559 3586 8.
579 3532 731 3586 tholomeus
753 3534 870 3603 gratiam
894 3535 929 3586 Η.
1034 3535 1059 3588 9.
1079 3535 1177 3588 collato
1194 3534 1246 3587 sibi
1263 3533 1390 3587 beneficio

282 3617 440 3686 pertulisset
456 3618 490 3671 D.
599 3617 639 3670 10.
663 3617 758 3671 matris
777 3633 841 3672 suae
858 3617 891 3672 11.
997 3618 1098 3687 degaro
1123 3618 1332 3688 H.·*flegrasse
1355 3618 1389 3670 D.

284 3705 325 3758 11.
346 3717 450 3756 meeum
467 3705 499 3757 ut
515 3703 581 3756 illuc
598 3718 724 3770 properes
744 3703 777 3756 D.
867 3705 909 3758 13.
927 3704 1004 3758 nobis
1023 3707 1065 3758 est
1083 3719 1130 3772 per
1148 3703 1344 3758 internuntium
1356 3704 1388 3756 B.

282 3787 359 3842 nobis
383 3805 431 3858 per
455 3789 651 3843 internuntium
674 3790 717 3841 est
739 3789 772 3841 D.
879 3791 919 3844 14.
945 3805 1038 3858 egome
1062 3789 1108 3842 A:
1218 3792 1325 3858 egomet
1343 3804 1391 3856 per

282 3874 415 3944 meipsum
431 3875 496 3929 illuc
514 3876 548 3927 D.
654 3873 750 3927 Comes
768 3874 860 3943 itaque
877 3876 929 3929 tibi
945 3891 989 3929 ero
1007 3914 1013 3926 .
1030 3878 1111 3944 atque
1133 3874 1309 3930 intemutium
1328 3875 1390 3928 mit

282 3963 338 4014 tarn
357 3961 391 4014 D.
498 3961 538 4013 16.
557 3960 585 4012 in
605 3959 755 4027 reparanda
770 3976 850 4014 uxore
868 3962 903 4014 D.
1007 3964 1035 4014 et
1060 3961 1203 4016 candeolus
1228 3962 1288 4018 ait.
1304 3959 1390 4028 Cupio

283 4046 365 4100 etiam
382 4045 472 4112 inquit
486 4044 556 4097 hunc
574 4045 733 4112 participem
750 4044 809 4098 ficri
831 4045 865 4098 D.
973 4046 1014 4100 18.
1034 4049 1062 4100 et
1079 4047 1147 4112 fehlt
1166 4047 1219 4100 AD.
1256 4045 1390 4114 particeps

282 4131 336 4185 fuit
354 4130 436 4184 cuam
453 4129 561 4183 laboris.
579 4130 612 4182 D.
811 4165 816 4174 ·

372 4214 419 4269 21.
456 4215 496 4268 19.
515 4215 607 4282 itaque
623 4213 657 4266 D.
762 4212 905 4267 admodum
920 4213 987 4278 fehlt
1004 4217 1038 4270 D.
1064 4211 1067 4216 ’
1139 4217 1181 4270 21.
1201 4215 1341 4269 aduentati
1358 4214 1389 4268 1..

284 4299 438 4354 casamenti
455 4299 489 4352 D.
583 4298 705 4354 Candacs
725 4299 801 4352 Avo.
837 4297 961 4352 caudacis
979 4301 1037 4354 ΗΒ.
1073 4301 1187 4355 candace
1204 4301 1343 4368 corripuere
1360 4301 1390 4351 ia

284 4385 415 4440 Oandscis
432 4384 464 4438 1..
500 4383 601 4438 candu
619 4384 675 4438 Du.
781 4383 824 4438 22.
848 4389 1052 4454 recupersuerat
1068 4387 1102 4440 D.
1187 4386 1307 4454 Cumque
1334 4385 1390 4438 ale-
