3208 5024
636 429 661 492 1,
683 431 724 485 25.
744 430 786 484 26.
1226 427 1259 481 27

163 593 229 677 piae
252 593 297 656 sie
327 611 397 656 eum
417 590 616 658 adhortatur:
652 642 669 670 „
679 593 817 658 iaculare
826 599 853 669 ,“
874 592 990 675 inquit,
1010 621 1035 670 ⁴„
1043 592 1104 657 fili!
1127 591 1261 657 iaculare

163 718 201 762 ne
217 697 382 762 dubites!“
427 697 532 778 [1211.
551 697 648 778 rea]
679 696 845 762 Enimvero
861 697 1051 774 Alexander,
1074 715 1145 761 cum
1161 696 1261 761 adhue

163 801 342 883 Philippum
377 799 493 882 spirare
526 800 739 883 comperisset,
776 801 867 866 iussit
901 801 1086 866 Pausaniam
1121 800 1263 864 illorsum

163 906 288 982 advehi,
313 905 512 988 gladiumque
530 904 562 968 in
586 903 742 970 dexteram
765 907 863 988 patris
883 906 985 982 misit,
1003 925 1062 989 quo
1081 923 1177 970 manu
1197 904 1263 968 eins

163 1011 336 1093 oppeteret,
361 1008 534 1091 occiditque
557 1029 637 1074 eum.
683 1012 765 1094 Ergo
787 1010 851 1074 iam
872 1010 1007 1074 moriens
1022 1009 1183 1098 Philippus
1201 1008 1263 1072 ait:
1281 1013 1300 1071 5

164 1113 274 1190 „Nihil
303 1115 350 1178 est
380 1113 462 1195 quod
492 1133 541 1178 me
564 1115 647 1180 vitae
669 1114 739 1178 finis
768 1115 823 1178 aut
851 1133 935 1178 mors
961 1114 1141 1190 contristet,
1178 1112 1264 1177 uultus

163 1217 245 1280 enim
268 1219 426 1298 auctorem
452 1218 581 1282 iniuriae
602 1219 703 1282 libens
726 1220 899 1300 oppetam.“
942 1219 983 1282 Et
1013 1217 1141 1282 adiecit:
1176 1219 1264 1293 „Re-

163 1320 342 1396 miniscor,“
364 1321 481 1404 inquit,
506 1341 550 1399 „o
566 1322 755 1398 Alexander,
776 1323 868 1388 deum
882 1322 974 1386 matri
994 1325 1066 1387 tuae
1082 1320 1265 1405 praegnanti

163 1424 367 1508 praedixisse,
408 1425 490 1507 quod
515 1425 668 1490 vindicem
699 1425 798 1490 filium
827 1428 909 1490 esset
939 1426 1104 1508 paritura.u
1150 1429 1191 1492 Et
1216 1427 1265 1490 his

164 1529 255 1594 dictis
289 1529 433 1611 spiritum
467 1530 630 1596 exhalavit.
685 1530 862 1596 Alexander
895 1551 1014 1613 quoque
1044 1550 1115 1596 mor
1147 1530 1266 1614 regiam
1284 1537 1324 1594 10

163 1633 342 1716 procuravit
360 1633 390 1697 ei
411 1634 611 1715 sepulturam.

251 1735 305 1804 25.
351 1738 455 1820 [1311.
482 1739 580 1820 leit]
624 1739 672 1803 Ae
698 1739 808 1803 deinde
838 1739 1007 1803 ascendens
1038 1739 1104 1802 eius
1130 1739 1264 1802 statuam

165 1844 396 1924 convocataque
426 1842 570 1908 universa
600 1834 800 1908 multitudine
831 1842 931 1925 plebis
953 1842 1010 1906 ait:
1048 1841 1121 1920 „lin
1143 1842 1266 1923 tempus

166 1947 228 2022 est,
266 1949 318 2021 ut,
355 1946 540 2028 quicumque
562 1945 738 2010 Alexandro
769 1947 854 2028 cupit
875 1947 1026 2022 militare,
1060 1946 1168 2010 foedus
1190 1945 1266 2008 inire

165 2070 235 2116 cum
258 2049 312 2113 illo
336 2049 470 2115 festinet.
516 2050 657 2132 Namque
684 2051 763 2114 mihi
793 2051 923 2134 dignum
951 2048 1089 2126 videtur,
1126 2048 1208 2113 hehe
1233 2048 1267 2110 in
1285 2065 1323 2122 15

165 2175 217 2218 eos
239 2155 373 2236 primurn
395 2174 536 2231 movere,
560 2155 685 2236 quinos
709 2155 829 2236 pridem
849 2175 898 2231 re,
919 2173 1002 2218 nunc
1017 2155 1121 2218 autern
1137 2153 1267 2234 eupiunt

167 2258 295 2340 spoliare
317 2259 411 2324 etiam
434 2261 466 2322 et
487 2258 660 2323 libertate.“
704 2259 763 2322 llis
786 2259 878 2322 dictis
899 2258 1069 2340 acquiescit
1090 2257 1190 2321 omnis
1205 2255 1266 2320 mi·

167 2363 227 2440 les,
250 2383 285 2427 ac
306 2364 333 2427 si
354 2363 503 2428 divinitus
527 2343 662 2426 monitus
678 2363 797 2426 fuisset.
841 2365 921 2428 Turn
936 2362 1112 2427 Alexander
1126 2379 1267 2426 reserans

165 2469 325 2532 thesamos
347 2467 445 2549 patris
468 2485 564 2531 arma·
574 2485 708 2549 opesque
731 2467 890 2532 distribuit
911 2467 1042 2532 cunetis.

250 2570 305 2637 26.
352 2571 456 2654 [1511.
480 2572 577 2652 arm]
621 2571 858 2636 Gonnumeratis
887 2572 985 2654 igitur
1014 2571 1167 2635 militibus
1189 2589 1266 2652 quos
1285 2589 1326 2647 20

163 2676 229 2758 ipse
251 2693 358 2739 recens
379 2676 546 2756 scripserat
568 2678 739 2758 congregat
760 2676 948 2740 Macedones
981 2675 1158 2756 quindecim
1180 2674 1267 2738 milia

163 2778 296 2862 pedites,
332 2779 506 2860 auxiliaque
534 2779 656 2844 diversa
691 2779 724 2843 in
757 2782 827 2844 ceto
860 2779 1003 2856 milibus,
1041 2779 1160 2860 equites
1194 2797 1266 2844 vero

163 2884 324 2968 indigenas
346 2881 514 2948 duomilia
536 2885 764 2967 septingentos,
786 2885 864 2948 levis
888 2905 960 2950 vero
977 2887 1152 2950 armaturae
1167 2885 1267 2948 Thra-

250 3078 273 3130 1.
292 3077 430 3132 adoriatur
448 3079 481 3132 H.
518 3079 639 3132 hortatur
658 3079 691 3132 D.
779 3077 978 3147 Ieculaquidem
996 3079 1032 3132 H.
1120 3083 1146 3135 3.
1165 3082 1267 3150 spirare

163 3165 314 3232 philippurn
332 3165 365 3218 D.
453 3163 518 3218 illuc
534 3164 637 3219 adduci.
651 3167 679 3217 et
691 3165 811 3232 gladium
829 3165 863 3218 D.
948 3167 981 3218 4.·
993 3165 1087 3219 dextra
1099 3166 1131 3220 A.
1215 3185 1267 3237 qno

163 3251 253 3305 manui
279 3252 335 3304 eius
361 3255 496 3320 oporteret
519 3251 550 3304 L.
598 3267 650 3319 quo
675 3267 755 3304 mann
779 3267 828 3304 sue
851 3251 927 3304 illum
954 3256 1093 3320 oppeteret
1115 3257 1143 3308 et
1165 3255 1268 3310 occide·

163 3341 204 3390 ret
221 3339 256 3391 D.
342 3341 367 3392 6.
385 3339 558 3393 contristetur
577 3339 607 3392 L.
695 3339 720 3392 7.
743 3339 840 3412 iniuria
857 3341 990 3394 auctorem
1007 3339 1039 3392 B.
1123 3343 1194 3411 quod
1212 3355 1271 3414 mec

162 3427 219 3499 uite
242 3424 303 3478 finis
327 3429 375 3480 aut
398 3441 470 3478 more
492 3426 605 3480 ahardus
628 3425 772 3478 contristet
795 3425 882 3478 uultu.
918 3427 1024 3480 andere·
1048 3430 1075 3480 ta
1097 3441 1154 3503 mec
1176 3431 1271 3504 iniurip

162 3511 249 3568 libens
268 3511 401 3579 optabam.
421 3513 455 3566 D.
555 3514 596 3566 lo.
615 3513 740 3582 spiritum
755 3511 822 3578 fehlt
843 3513 875 3565 D.
964 3513 1058 3568 cxalnu
1075 3515 1109 3568 fl.
1199 3533 1266 3586 quo·

163 3615 213 3668 que
233 3599 290 3652 eius
308 3615 368 3652 mox
385 3601 418 3653 D.
455 3600 479 3652 ei
499 3616 558 3654 mox
577 3601 680 3668 regiam
697 3600 850 3668 procurarit
868 3600 944 3654 ΒΑΕ.

246 3683 294 3738 25.
314 3685 354 3738 12.
375 3685 496 3740 ascendit
511 3687 544 3739 D.
630 3687 669 3740 13.
687 3689 831 3740 convocata
847 3687 880 3742 D.
963 3687 1036 3756 plebi
1055 3690 1088 3742 D.
1163 3691 1204 3744 14.
1217 3691 1266 3746 rui-

162 3769 240 3824 litare
253 3771 326 3840 cupit
337 3771 369 3824 D.
453 3772 494 3825 15.
514 3787 573 3826 curn
585 3773 631 3826 illo
647 3773 714 3826 inire
727 3773 760 3826 D.
832 3773 945 3841 dignum
957 3773 1081 3829 miehiB.
1152 3777 1224 3832 bellu
1233 3779 1265 3834 A.

163 3857 204 3912 16.
230 3858 331 3912 moueri
348 3857 383 3910 Η.
425 3857 493 3912 Mihi
517 3860 614 3928 quippe
640 3875 710 3912 nunc
732 3858 838 3912 videtur
860 3861 935 3928 prius
955 3861 1026 3916 helle
1048 3863 1075 3916 in
1098 3881 1143 3918 eos
1160 3881 1268 3922 mouere

162 3944 207 4012 qui
226 3961 275 3996 nos
293 3943 397 4012 pridem
414 3943 570 3998 tributarios
587 3947 757 4014 optauerant.
776 3945 809 3998 D.
901 3947 941 4000 17.
961 3949 1042 4003 etiarn
1061 3952 1174 4018 spoliare
1186 3953 1267 4007 liber·

161 4033 225 4084 tate.
239 4033 272 4084 D.
350 4031 401 4084 His
419 4031 497 4084 dictis
515 4032 673 4101 obtoperant
685 4049 777 4086 omnes
789 4049 819 4086 ac
835 4034 858 4086 si
870 4035 1000 4090 diuinitus
1016 4039 1110 4092 moniti
1122 4043 1220 4095 essent.
1233 4043 1266 4096 D.

164 4118 204 4170 18.
223 4117 296 4172 Tune
313 4119 346 4172 D.
434 4133 574 4174 reseruans
593 4121 625 4175 A.
712 4121 753 4172 19.
772 4121 874 4174 emetis
891 4125 997 4178 onustis
1015 4126 1058 4182 D:

246 4203 293 4258 26.
312 4205 355 4258 21.
372 4208 541 4259 recensuerat
559 4208 738 4276 congregatis.
758 4223 788 4260 ar
800 4207 951 4262 macedonis
968 4211 1001 4264 D.
1066 4203 1116 4266 ᾗ.
1135 4214 1265 4270 HLABD.

161 4290 319 4370 mansan
340 4293 416 4348 nna.
512 4295 555 4349 m.
575 4295 696 4363 penam
714 4271 938 4374 alienanto-rh).
1032 4301 1061 4353 rs
1083 4303 1141 4354 0010
1160 4301 1216 4356 mn.
1234 4303 1264 4356 r..

161 4377 283 4458 Qum.
307 4377 363 4432 mil.
389 4379 429 4459 13-
468 4379 497 4432 in
523 4395 591 4433 .vn1.
618 4381 675 4434 mil.
701 4381 755 4436 All.
803 4391 830 4434 .1.
858 4397 928 4436 vnn.
947 4382 1004 4436 mil.
1024 4385 1058 4438 H.
1104 4389 1215 4455 infehlt
1230 4391 1264 4444 D.

162 4482 261 4520 ,xvnm
279 4466 311 4522 D.
389 4481 428 4520 .n.
450 4451 534 4520 neom
552 4465 657 4520 HLAB.
694 4485 732 4522 .n.
752 4483 813 4522 nco.
832 4467 861 4522 2.
966 4469 1009 4522 23.
1033 4472 1217 4544 septingentos
1236 4481 1264 4534 et
