3208 5024
338 431 373 484 30
841 431 866 493 I,
885 433 928 486 36.

339 596 460 658 vestrae
489 593 560 657 urbi
586 592 747 657 dominari.
790 593 850 657 Sed
872 613 968 676 quum
997 613 1052 658 vos
1074 595 1166 676 primi
1196 596 1333 659 omnium
1356 596 1434 658 erti-

338 697 438 774 tistis,
465 697 518 779 qui
539 698 616 760 meis
638 697 731 760 iussis
752 697 937 761 insolentius
958 697 1140 774 obviaretis,
1171 699 1310 764 terribile
1331 719 1435 764 exem-

337 801 424 884 plum
446 801 515 865 aliis
536 801 738 883 praebebitis,
760 799 835 882 quid
858 801 970 866 virium
985 803 1027 866 sit
1042 803 1073 865 in
1089 802 1295 868 Macedonum
1311 804 1435 868 dextris.

339 904 448 968 Valete
471 905 498 968 si
520 905 644 986 sapitis,
666 923 727 997 non
751 907 833 970 enim
855 905 1013 982 valebitis,
1036 907 1115 970 siin
1134 909 1184 972 his
1204 909 1436 989 perseveratis.“

301 1007 457 1090 b[41M,]
501 1010 560 1073 His
592 1009 706 1073 litteris
735 1010 823 1092 Tyrii
860 1010 951 1073 lecb's
987 1011 1135 1092 primates
1170 1011 1290 1095 legatos
1324 1013 1437 1096 corripi

337 1113 460 1188 iubent,
499 1131 536 1177 ac
569 1115 733 1178 tormentis
764 1115 900 1196 primum
934 1116 1061 1178 affectos
1089 1116 1233 1180 crucibus
1264 1116 1436 1181 affixerunt.

338 1217 397 1281 His
415 1217 579 1282 incentivis
602 1217 816 1282 exstimulatus
832 1217 1007 1282 Alexander
1031 1219 1119 1301 gravi
1140 1219 1350 1304 indignatione
1366 1243 1436 1304 per-

338 1323 442 1386 motus
480 1323 753 1404 vehementiusque
788 1322 897 1386 urbem
930 1323 1096 1407 adgressus
1127 1324 1223 1389 diruit
1257 1346 1293 1391 ac
1325 1329 1437 1403 vestm,

338 1427 422 1490 omni
443 1445 519 1490 sexu
541 1429 573 1490 et
594 1405 696 1490 aetate
719 1429 865 1508 peremta.

282 1533 321 1590 10
425 1529 482 1597 36.
528 1532 582 1612 [42
598 1533 637 1592 bl.
673 1537 713 1593 37
730 1533 779 1612 lt]
830 1533 910 1613 Tyro
949 1529 1058 1595 dehinc
1096 1533 1252 1614 satrapam
1288 1534 1436 1615 praeficit.

339 1637 478 1718 Tumque
501 1635 622 1717 Syriam
646 1635 796 1717 perrexit,
832 1635 1011 1718 accepitque
1039 1636 1084 1700 ibi
1104 1637 1190 1700 Darii
1219 1637 1301 1720 regis
1325 1639 1437 1700 Persa·

340 1761 409 1805 rum
430 1741 551 1804 litteras
573 1741 606 1802 in
626 1739 706 1804 hanc
726 1739 911 1803 sententiam
926 1740 1073 1822 scriptas:
1095 1742 1184 1816 „Rex
1200 1759 1309 1823 regum
1325 1741 1438 1806 Darius

339 1847 371 1910 et
402 1845 648 1926 consanguineus
682 1843 810 1907 deorum
841 1841 1033 1920 Alexandro,
1079 1842 1195 1908 famulo
1226 1863 1311 1920 meo,
1347 1846 1437 1909 iubeo

339 1950 469 2030 dicoque
490 1949 576 2012 haec.
620 1947 735 2012 Mando
757 1948 816 2011 tibi
837 1949 950 2012 reverti
972 1948 1174 2030 adparentes
1196 1950 1283 2025 bros,
1303 1949 1438 2014 famulos

283 2059 321 2116 15
340 2055 460 2120 scilicet
481 2071 584 2128 meos,
607 2055 699 2134 atque
722 2053 754 2115 in
777 2053 895 2134 granno
922 2053 1031 2116 matris
1050 2051 1215 2116 cubantem
1231 2053 1333 2117 doceri
1350 2053 1438 2117 virile

341 2159 486 2224 officium.
531 2155 582 2220 Ad
602 2145 703 2238 ⁴quam
733 2175 799 2219 rem
819 2157 979 2220 bubonam
1011 2156 1181 2237 scythicam
1202 2157 1259 2220 tibi
1282 2160 1314 2222 et
1343 2159 1440 2240 pilam

339 2261 518 2342 loculosque
541 2279 612 2324 cum
634 2260 736 2324 aureis
757 2260 837 2323 misi.
882 2259 1011 2324 Habena
1032 2259 1192 2336 admonet,
1211 2263 1243 2324 te
1259 2249 1439 2344 disciplinae

341 2364 439 2430 videri
467 2364 673 2447 indigentem,
709 2364 773 2446 pila
795 2383 883 2440 vero,
916 2365 998 2446 quod
1021 2365 1086 2428 eius
1109 2365 1247 2428 lusitatio
1271 2367 1343 2429 tuoe
1364 2385 1439 2430 con-

1569 650 1579 690 l

301 2555 305 2560 Ι
341 2471 435 2552 grnat
455 2469 624 2544 aetatulae,
659 2487 721 2532 non
750 2469 826 2532 haec
850 2486 958 2548 opera,
995 2487 1087 2549 quam
1114 2467 1176 2532 ritu
1204 2469 1359 2534 latronum
1381 2470 1439 2536 tibi

283 2556 324 2631 ab
341 2573 549 2637 consimilium
582 2591 748 2654 aggressus
779 2590 820 2634 es.
863 2571 945 2634 Nam
973 2571 999 2634 si
1021 2591 1110 2636 omne
1139 2573 1316 2638 huiusmodi
1337 2576 1438 2639 homi·

341 2697 417 2742 num
446 2697 544 2761 genus
568 2677 635 2759 pari
661 2676 887 2758 conspiratione
917 2678 1021 2739 tecum
1049 2675 1247 2754 conduxeris,
1274 2679 1439 2742 Persarum

340 2782 505 2865 imperium
533 2799 726 2862 nequaquam
759 2781 874 2844 terrere
904 2780 1029 2860 poteris.
1085 2781 1185 2844 Tanta
1218 2781 1330 2863 quippe
1362 2781 1440 2844 mihi

340 2979 390 3033 uso
407 2979 573 3049 insumere
590 2977 648 3032 uros
667 2977 699 3030 n.
735 2962 780 3030 me·
795 2975 902 3030 aranea
923 2979 950 3029 et
967 2977 1073 3030 iusum
1091 2992 1137 3048 ura
1155 2977 1189 3030 o.
1291 2978 1315 3034 a.
1333 2978 1386 3030 mer
1404 2977 1439 3031 n.

340 3067 479 3120 lsolentios
498 3066 530 3118 A.
637 3065 716 3132 primi
735 3065 851 3118 omnium
870 3063 1000 3117 obseratis
1020 3063 1120 3128 menib;
1144 3064 1209 3116 milri
1227 3065 1337 3118 introitu
1360 3064 1439 3116 dene·
1521 3083 1526 3092 ·

340 3152 436 3221 gustis.
456 3152 489 3204 D.
577 3152 601 3204 3.
621 3134 776 3219 ρταοϋοΜιὶε
797 3151 828 3204 L.
863 3150 997 3219 praebetis
1015 3153 1074 3204 HD.
1163 3167 1231 3220 qnae
1248 3151 1319 3204 uires
1338 3151 1392 3204 sint
1404 3151 1439 3204 H.

341 3239 411 3309 quod
429 3237 626 3306 intrinphautju
645 3241 681 3292 sit
697 3239 842 3292 macedonu
859 3239 968 3292 dextris.
987 3239 1020 3292 D.
1108 3240 1133 3291 4.
1153 3239 1386 3305 perseueraueritis
1405 3239 1439 3291 H.

341 3343 408 3389 euro
424 3341 462 3378 ar>
480 3341 553 3378 nnnc
570 3341 646 3378 nrnn
663 3341 797 3378 sacratur
815 3325 846 3377 L.
935 3326 959 3378 5.
979 3325 1041 3392 tyrii
1054 3324 1140 3378 literis
1152 3325 1182 3376 L.
1253 3326 1278 3378 6.
1291 3325 1439 3378 affixerat.

341 3415 366 3466 7.
384 3414 435 3466 His
453 3429 579 3466 accensus
598 3415 626 3464 et
643 3413 676 3464 D.
763 3412 1004 3465 extimulatusllB.
1041 3412 1195 3464 stimulatus
1210 3411 1266 3464 LD.
1354 3413 1440 3480 {tag-

341 3515 449 3566 gressus
468 3499 545 3552 ABll.
582 3513 705 3564 egressus
723 3499 756 3550 D.
845 3498 871 3551 9.
891 3502 918 3552 ot
933 3498 999 3563 sebit
1017 3498 1051 3551 H.

423 3585 471 3640 36.
504 3587 544 3638 lo.
564 3585 692 3652 pracfecit
708 3585 791 3638 HLD.
899 3587 939 3638 ll.
965 3585 1058 3653 Ibique
1081 3583 1184 3650 accepit
1208 3581 1238 3634 L.
1280 3581 1439 3650 decepitque

340 3673 381 3728 illi
398 3673 433 3725 Η.
459 3669 506 3726 ¹ibi
523 3671 633 3737 sebltB.
723 3672 763 3724 12.
780 3670 872 3725 literas
890 3672 957 3726 darii
976 3686 1113 3740 persarum
1130 3669 1160 3722 L.
1266 3668 1293 3720 in
1312 3667 1362 3720 hnc
1379 3685 1439 3722 sen-

340 3760 425 3812 tentia
442 3759 474 3812 B.
562 3759 682 3827 Tumque
700 3759 770 3832 syrie
789 3775 832 3810 rer
849 3759 955 3812 litteras
974 3759 997 3810 oi
1015 3758 1043 3809 in
1062 3755 1130 3808 hauc
1148 3754 1309 3808 sententiam
1327 3755 1440 3822 scriptas

341 3847 430 3899 emisit
448 3847 481 3898 D.
586 3861 737 3899 numerous
766 3861 844 3899 nean
873 3859 1067 3898 naumann.
1096 3841 1126 3894 L.
1217 3839 1257 3894 14.
1279 3841 1317 3894 dii
1336 3857 1439 3910 quoque

341 3933 388 4004 hqc
409 3933 441 3986 A.
539 3933 638 3986 famulo
666 3949 723 3986 meo
749 3931 890 3986 alexandro
919 3931 1004 3984 iubeo.
1038 3929 1105 3982 dico.
1138 3927 1286 3996 mundoque
1308 3928 1381 3981 haec.
1413 3931 1439 3980 tc

340 4019 435 4072 debere
453 4019 550 4072 reverti
569 4021 601 4072 D.
625 4033 629 4038 ·
708 4021 748 4072 16.
770 4019 913 4087 scythicam
931 4016 997 4081 sebit
1014 4017 1049 4068 H.
1147 4014 1187 4068 Ob
1206 4013 1231 4068 h·
1250 4014 1353 4068 habena
1371 4015 1440 4067 scias

340 4107 369 4158 et
385 4107 441 4174 pila
459 4106 590 4174 loculosq;
608 4105 658 4158 tibi
678 4106 808 4159 cuaureis
825 4104 921 4157 missos
941 4104 974 4156 D.
1065 4103 1105 4155 18.
1124 4102 1251 4170 indigena
1268 4101 1300 4153 D.
1378 4116 1440 4153 con-

340 4193 414 4260 gruit
428 4193 495 4262 etati
513 4193 546 4244 D.
636 4192 677 4244 19.
696 4207 746 4262 que
765 4194 819 4244 ritu
836 4192 868 4244 B.
955 4191 997 4244 20.
1016 4205 1160 4258 aggressus
1183 4203 1212 4240 es
1229 4186 1369 4254 corripiert
1387 4202 1441 4239 aaa

340 4295 514 4348 aggressuros
537 4279 569 4330 A.
620 4279 679 4332 Non
706 4280 818 4333 abarum
845 4293 925 4344 opera
957 4291 1036 4344 quam
1062 4291 1151 4328 rerum
1181 4273 1232 4326 tibi
1262 4273 1439 4327 consimilium

338 4382 483 4434 aggressus
503 4381 540 4418 es.
566 4365 599 4418 D.
704 4368 747 4420 ⁵21.
770 4381 855 4433 genus
879 4363 988 4416 hominu
1014 4363 1207 4430 conspiratione
1230 4359 1381 4414 huiusmodi
1407 4362 1439 4414 D.

340 4453 445 4508 duxeris
463 4451 495 4504 Α.
530 4451 664 4507 induxeris
682 4455 717 4508 D.
752 4451 898 4506 condixeris
917 4451 947 4504 ll.
