3208 5024
300 407 319 461 8

302 587 391 634 cereo
412 567 618 651 loquebatur,
645 569 677 633 id
700 587 792 634 omne
814 569 882 633 fieri
904 568 962 634 sibi
985 567 1094 651 regina
1114 587 1170 650 por
1188 567 1344 634 somnium
1368 569 1410 633 sit

301 672 436 754 opinata.
481 670 569 736 Vidit
601 671 684 735 enim
703 657 748 736 'se
777 671 809 736 in
840 671 1052 754 complexibus
1075 671 1141 748 dei,
1177 673 1301 754 etpost
1323 691 1409 736 com-

301 774 410 858 plexus
443 775 586 840 audierat
613 774 675 839 sibi
703 774 808 857 ipsum
834 774 1030 857 loquentem,
1059 774 1177 840 foetam
1205 794 1239 839 sc
1267 777 1300 840 ot
1320 778 1408 840 utero

302 895 431 962 gravem
452 877 692 962 genituramque
711 878 811 942 filium
833 879 999 944 vindicem.

264 975 284 1034 5
388 981 422 1046 6.
468 982 603 1064 Moxque
633 981 745 1046 dehinc
766 982 824 1046 illa
853 1001 984 1066 surgons
1010 1001 1027 1048 e
1049 982 1165 1048 lectulo
1188 983 1347 1048 hominem
1370 983 1410 1048 ad

301 1103 336 1149 ss
365 1085 477 1162 vocat,
506 1084 595 1167 eique
627 1085 740 1150 somnii
759 1085 869 1150 retulit
890 1085 1052 1150 visionem.
1098 1087 1154 1150 (lui
1178 1087 1251 1151 ille:
1281 1087 1409 1164 „Hoo“‚

301 1187 421 1270 inquit,
452 1205 492 1266 „o
519 1187 645 1271 regins,
675 1189 832 1252 somnium
865 1192 914 1253 ost
943 1207 1070 1264 verum3
1100 1189 1167 1254 aius
1194 1189 1323 1256 effectus
1347 1191 1408 1254 cito

300 1291 516 1374 subsequetur.
581 1291 776 1374 Quapropter
812 1311 902 1357 secus
940 1291 1119 1356 cubiculum
1158 1294 1250 1357 tuum
1289 1296 1409 1359 secroto

302 1394 379 1458 mihi
408 1395 529 1458 lectum
554 1394 735 1477 praeparari
763 1393 884 1472 iubeto,
913 1397 965 1472 ut,
994 1395 1020 1459 si
1048 1395 1128 1459 forte
1152 1395 1264 1477 aliquis
1286 1397 1410 1462 tibimet

245 1494 286 1552 10
301 1497 482 1579 repentinus
512 1497 667 1581 ingruerit
694 1499 813 1574 metus,
842 1497 959 1580 possim
980 1498 1040 1562 tibi
1059 1517 1130 1581 spes
1153 1517 1221 1563 esse
1247 1499 1410 1565 subsidii“

302 1601 453 1665 Promisit
483 1600 607 1683 regina,
641 1602 673 1665 et
701 1600 839 1666 vicinum
868 1600 1011 1666 cubiculo
1041 1619 1097 1666 suo
1126 1620 1283 1666 secessum
1316 1622 1409 1686 mago

301 1703 431 1780 tribuit,
464 1703 615 1785 pollicens
648 1705 782 1768 honores
812 1703 945 1782 multos,
985 1703 1012 1768 si
1044 1707 1196 1786 conceptu
1226 1705 1268 1770 sit
1300 1705 1409 1788 potita.

303 1807 384 1870 'lum
411 1825 541 1890 magus:
568 1805 784 1884 „Praecursor
812 1806 911 1884 tibi‚“
940 1807 1056 1890 inquit,
1087 1807 1190 1884 „deus
1213 1809 1279 1891 ipse
1299 1809 1408 1888 aderit,

302 1929 377 1974 nam
399 1911 521 1975 sedenti
543 1910 744 1992 superveniet
762 1909 855 1975 draco
870 1911 1094 1992 reptabundus.
1131 1913 1179 1976 Tu
1195 1931 1268 1976 vero
1290 1931 1325 1976 oo
1342 1913 1408 1977 viso

245 2013 284 2072 15
303 2032 411 2078 omnes
439 2014 492 2096 qui
521 2013 655 2079 adervmt
684 2013 791 2098 egredi
816 2013 932 2079 iubeto.
983 2015 1025 2079 Et
1053 2033 1125 2079 cum
1151 2017 1183 2080 te
1206 2015 1289 2080 lecto
1311 2017 1410 2081 colla-

303 2117 437 2194 caveris,
461 2116 588 2200 explora
611 2117 735 2182 vultum
755 2117 862 2195 illum,
885 2135 978 2199 quem
999 2117 1063 2182 iam
1086 2117 1118 2182 in
1141 2120 1260 2184 somnio
1287 2121 1410 2202 praevi·

302 2219 393 2296 disti,
417 2220 444 2285 si
464 2220 493 2285 is
516 2220 561 2285 eri
578 2225 609 2284 .“

196 2409 199 2416 Ι
389 2322 421 2388 7.
466 2321 649 2408 Insequenti
677 2323 775 2407 igitur
802 2325 852 2388 die
877 2323 965 2389 locus
989 2322 1164 2388 destinatur
1186 2343 1293 2408 mago,
1324 2326 1410 2408 isque

302 2425 439 2508 providit
462 2445 498 2492 ex
519 2429 587 2492 arte
610 2425 712 2492 vellus
735 2427 842 2492 arietis
861 2426 1082 2492 mollissimum
1106 2427 1199 2492 simul
1222 2447 1293 2492 eum
1308 2430 1409 2492 corni-

243 2533 286 2590 20
303 2529 378 2607 bus,
401 2531 433 2594 et
456 2533 616 2614 sceptrum
639 2533 671 2595 et
694 2531 845 2598 amictum
867 2530 1050 2609 candidum,
1075 2531 1235 2614 effecitque
1257 2551 1294 2597 ex
1309 2532 1410 2598 scien-

391 2676 415 2729 l.
435 2691 492 2747 cerp
511 2675 544 2730 A.
572 2691 647 2731 cerco
664 2675 732 2742 fetis
745 2677 781 2730 Β.
851 2677 879 2730 id
899 2680 960 2730 totu
977 2678 1011 2730 D.
1086 2690 1134 2744 per
1151 2677 1284 2729 somnium
1299 2677 1367 2743 sebit
1375 2680 1409 2732 D.

302 2761 329 2814 2.
348 2761 424 2828 (Voss
441 2762 510 2817 vidit
527 2763 597 2816 enim
615 2779 654 2816 au
678 2762 719 2818 bis
742 2778 805 2816 sum
820 2762 940 2817 scblusse
963 2761 1010 2814 dec
1032 2764 1077 2814 10.
1095 2760 1207 2828 capitata
1232 2762 1282 2818 bct
1299 2764 1335 2816 A.
1349 2765 1413 2816 Mai

302 2846 355 2900 deo
371 2853 427 2903 uxr
447 2863 500 2904 con
516 2849 552 2904 B.
571 2849 615 2903 uis
634 2849 693 2902 cisso
712 2849 853 2917 „historic
867 2864 969 2916 parram
986 2845 1105 2900 dcccsvs“
1123 2846 1184 2898 cord
1200 2847 1411 2915 ‚procusum

303 2933 457 2989 liueramoo
473 2935 598 2990 comem
618 2936 814 3006 wcqqelossca.)
903 2935 984 2988 Videt
1002 2933 1048 2987 Pa.
1086 2933 1199 2988 Uiderst
1215 2935 1246 2987 Il.
1336 2937 1410 3012 sein

304 3021 441 3089 complexu
468 3022 502 3075 D.
558 3022 629 3076 enim
657 3023 685 3076 in
709 3020 890 3090 complexibus
913 3035 942 3072 so
968 3019 1002 3072 H.
1114 3021 1251 3089 complexu
1274 3023 1351 3076 audit
1376 3024 1410 3077 D.

303 3107 330 3160 3.
349 3107 438 3174 ipsum
456 3107 508 3161 sibi
525 3107 582 3162 BD.
671 3109 754 3163 ictam
771 3107 826 3162 BD.
861 3105 960 3159 foetam
977 3103 1024 3159 Pa.
1113 3106 1183 3160 uteri
1200 3105 1321 3162 HADPa.
1356 3107 1412 3162 feta

304 3193 333 3246 et
348 3195 424 3246 utero
442 3193 556 3262 grauida
574 3194 700 3262 genitura
719 3210 748 3248 es
765 3194 799 3246 D.

391 3278 419 3333 6.
440 3281 465 3334 5.
484 3279 579 3335 dehinc
595 3280 663 3347 scisti
683 3281 717 3334 D.
787 3277 917 3332 aelectulc
937 3276 969 3330 A.
1006 3278 1107 3332 electo
1125 3279 1159 3332 D.
1239 3281 1265 3334 6.
1284 3281 1360 3333 scniu
1378 3281 1410 3334 Α.

304 3364 452 3432 aduocans;
470 3367 495 3421 ei
512 3367 608 3422 sonniu
625 3365 762 3421 rotulitD.
832 3363 890 3417 Hoc
906 3363 973 3428 selca
985 3364 1018 3416 D.
1095 3365 1120 3418 7.
1140 3367 1190 3420 est.
1204 3379 1296 3418 verum
1309 3367 1366 3418 sius
1378 3365 1409 3417 Β.

304 3451 389 3519 ciusq.
411 3453 445 3505 D.
533 3453 586 3506 cito
603 3451 670 3518 sebit
687 3451 721 3504 D.
807 3449 833 3503 8.
853 3447 1025 3518 subsequitur
1044 3451 1100 3503 LD.
1180 3449 1302 3504 cubiculo
1315 3461 1364 3502 suu
1377 3448 1409 3502 A.

305 3535 473 3591 concubitum
492 3538 569 3592 intua
588 3539 719 3591 secretum
736 3536 771 3588 H.
876 3535 902 3588 9.
930 3549 1089 3602 praeparare
1108 3535 1201 3592 LAPa.
1245 3536 1345 3589 lectulo
1363 3551 1411 3604 pa-

304 3639 364 3677 rare
381 3623 415 3676 D.
503 3623 563 3678 iubs
581 3623 616 3677 H.
705 3619 755 3674 tibi
772 3621 807 3674 D.
898 3621 939 3673 10.
955 3621 1069 3674 inruerit
1086 3621 1133 3674 Pa.
1219 3637 1277 3674 esse
1296 3637 1358 3690 spes
1379 3624 1410 3676 D.

305 3709 348 3762 11.
374 3709 502 3763 Promisit
524 3725 587 3777 ergo
605 3707 730 3776 reginae
750 3705 838 3760 uicino
864 3703 978 3760 cubiculi
996 3707 1037 3760 sui
1055 3707 1088 3759 D.
1193 3722 1343 3760 successum
1362 3709 1410 3762 Pa.

305 3794 348 3850 12.
366 3794 462 3849 tribuit
478 3793 545 3861 febli
561 3795 595 3848 D.
678 3792 778 3846 multas
797 3791 829 3844 A.
898 3794 1042 3860 conceptus
1058 3793 1091 3844 A.
1176 3793 1216 3846 13.
1236 3793 1364 3848 dcusade
1377 3795 1410 3848 D.

307 3881 348 3934 14.
373 3881 424 3935 tibi
445 3880 550 3934 sedenti
572 3880 606 3932 D.
660 3875 770 3931 sedente
787 3880 814 3932 te
833 3877 867 3932 H.
977 3877 1018 3932 15.
1043 3875 1149 3931 aderint
1165 3877 1196 3931 Β.
1247 3879 1360 3935 aderaut
1378 3881 1410 3934 A.

305 3982 365 4022 cum
383 3969 410 4020 tc
431 3967 545 4020 inlecto
563 3965 597 4018 D.
633 3979 693 4017 cum
710 3979 724 4017 e
742 3964 811 4018 lecto
830 3964 877 4018 Pa.
917 3963 986 4016 lecto
1004 3962 1072 4028 sebit
1090 3963 1125 4016 H.
1226 3967 1268 4020 16.
1287 3966 1361 4020 illius
1380 3965 1410 4018 L.

304 4053 333 4106 iu
348 4052 416 4118 sebit
432 4051 463 4104 L.
550 4065 641 4104 somno
654 4049 701 4104 Pa.
725 4066 810 4104 sonno
828 4049 863 4102 D.
949 4047 1090 4116 pervidisti
1101 4048 1148 4103 Pa.
1178 4050 1253 4118 prius
1271 4051 1364 4104 vidisti
1376 4051 1410 4103 D.

304 4137 398 4193 uidisti
416 4136 449 4190 A.
536 4135 578 4190 17.
597 4135 621 4189 si
638 4135 682 4190 his
702 4135 731 4190 A.
769 4137 792 4190 si
809 4137 868 4205 ipse
885 4135 919 4188 D.

392 4225 419 4277 7.
439 4223 480 4276 18.
499 4220 557 4276 loco
576 4221 726 4286 destinato;
750 4239 847 4291 magus
865 4221 908 4276 bis
923 4221 1047 4290 providet
1064 4236 1095 4273 ar
1113 4223 1179 4274 crte.
1210 4219 1286 4274 uolut
1301 4219 1411 4288 aerictis

305 4309 492 4364 mollissimum
521 4311 610 4378 caput.
640 4309 720 4362 simul
751 4308 874 4364 cornibus
904 4307 1108 4374 circumseptum
1139 4305 1170 4356 D.
1320 4305 1349 4358 Is
1378 4305 1410 4359 Β.

306 4397 349 4452 ΒΟ.
369 4395 503 4466 efficitque
521 4395 569 4450 Pa.
605 4395 689 4450 efficit
705 4395 740 4449 D.
826 4410 857 4449 ex
876 4393 974 4448 cicutis
989 4393 1037 4446 Pa.
1073 4406 1105 4444 ex
1122 4405 1183 4444 ocra
1201 4389 1236 4443 H.
