3208 5024
691 407 733 470 Π,
756 409 797 461 13.
1264 407 1300 462 45

188 573 314 638 habitus
341 571 495 648 dissiluit,
526 569 751 652 confestimque
785 570 825 633 ad
853 568 1176 652 comprehendendum
1197 567 1301 634 virum

188 676 343 742 satellites
377 677 562 759 properant,
600 675 729 758 regique
763 693 834 738 eum
869 673 1012 738 offerunt.
1068 673 1099 737 A
1133 691 1193 754 qno
1229 691 1302 737 cum

188 781 366 848 Alexander
387 779 570 862 requisisset
593 797 704 844 causas
725 778 818 842 hunus
840 778 933 855 sacti,
957 779 1018 842 ait:
1042 777 1212 856 „Primum
1231 776 1301 859 qui·

188 887 276 963 dem,
299 903 317 950 ο
340 882 538 960 Alexander,
568 883 666 960 scias,
695 899 746 946 me
769 900 831 946 non
855 900 892 945 ex
915 899 1045 946 numero
1067 883 1194 946 tuorum
1216 879 1301 944 mili-

187 992 257 1054 tum
281 1008 366 1064 esse;
390 988 547 1052 enimvero
563 989 677 1064 Persa,
701 986 894 1050 vestratibus
915 986 1009 1050 armis
1029 986 1172 1064 indutus,
1197 985 1301 1068 digni·
1320 993 1338 1050 5

187 1096 288 1158 tatem
310 1089 488 1156 huiusmodi
512 1090 595 1173 apud
617 1089 750 1154 Darium
773 1097 883 1172 pactus
906 1109 993 1167 sum,
1017 1091 1068 1167 ut,
1097 1089 1125 1154 si
1145 1091 1179 1152 te
1201 1089 1301 1153 inter-

187 1197 345 1274 fecissem‚
364 1199 487 1278 partem
499 1194 588 1277 regni
602 1194 668 1260 eins
681 1211 753 1257 cum
765 1193 831 1257 lilia
843 1192 882 1258 ad
895 1193 1076 1277 coniugium
1091 1211 1301 1275 promererer;

188 1318 266 1391 quae
289 1300 428 1382 prolecto
450 1299 563 1363 fierent
585 1297 646 1362 nisi
667 1299 772 1362 tecum
795 1297 921 1362 fortuna
943 1296 1045 1382 magis
1068 1315 1161 1379 quam
1178 1315 1302 1361 meeum

188 1404 358 1482 stetisset.“
396 1441 438 1450 -
483 1403 543 1468 His
564 1402 744 1467 Alexander
774 1400 889 1468 auditis
919 1401 1124 1485 promissiet
1153 1399 1301 1466 audaciae

186 1507 352 1572 laudatum
374 1507 413 1572 ad
437 1507 565 1589 propria
589 1505 691 1570 redire
714 1505 878 1570 concessit.
1321 1515 1362 1572 10

277 1639 332 1708 13.
378 1640 499 1704 Deinde
529 1639 662 1704 collecta
692 1637 916 1704 innumerabili
951 1637 1155 1704 multitudine
1186 1639 1302 1703 exercl-
1339 1685 1347 1700 .

187 1748 277 1810 trum
295 1746 359 1810 iam
381 1744 508 1826 propius
532 1744 681 1816 accessit,
706 1743 783 1808 adeo
804 1745 841 1806 ut
867 1743 962 1808 etiam
985 1743 1017 1807 in
1036 1745 1205 1824 conspectu
1224 1743 1302 1806 Per-

189 1867 296 1913 sarum
318 1848 480 1912 assideret.
526 1847 708 1912 Adventum
729 1865 851 1928 quoque
867 1865 959 1911 suum
974 1845 1074 1928 primo
1090 1847 1136 1911 ita
1150 1845 1302 1928 prodidit:

188 1955 299 2016 coacta
321 1951 435 2033 quippe
459 1951 492 2013 in
507 1969 605 2015 unum
620 1949 844 2015 innumerabili
860 1949 1062 2014 multitudine
1079 1953 1302 2027 armentorum,

189 2054 410 2136 comprehendi
430 2053 533 2130 iubet,
557 2071 726 2135 eorumque
749 2053 895 2118 cornibus
916 2055 949 2117 et
972 2053 1080 2118 caudis
1095 2073 1200 2118 ramos
1215 2053 1302 2117 iron-
1322 2064 1361 2122 15

189 2155 297 2223 dentes
328 2157 468 2232 adnecti,
506 2159 673 2238 utrumque
696 2157 856 2230 imitatus,
895 2159 932 2221 nt
959 2159 992 2220 et
1014 2157 1160 2222 cornibus
1189 2157 1301 2221 erectis

188 2261 366 2327 silvestrem
385 2261 541 2344 quandam
565 2261 701 2343 speciem
724 2263 870 2344 agerent.
894 2261 926 2324 et
947 2260 1059 2324 tractis
1081 2260 1225 2338 ramulis,
1248 2261 1302 2343 qui

187 2366 220 2430 in
243 2366 352 2431 caudis
375 2365 572 2440 ferebantur,
602 2363 706 2446 pulvis
737 2363 856 2428 excitus
878 2364 1106 2428 dinoscentiam
1134 2365 1199 2428 veri
1223 2365 1301 2428 emi-

187 2489 247 2535 nus
288 2469 488 2534 confudisset
544 2469 590 2532 lix
623 2469 684 2532 hoc
712 2461 841 2550 pulvere
879 2467 1055 2549 nebulaque
1091 2467 1300 2549 obstupefacti

189 2692 299 2758 propter
315 2691 393 2763 galee
410 2689 596 2744 fortitudinem
614 2689 722 2744 habitus
744 2689 779 2742 H.
816 2692 926 2758 propter
943 2689 1049 2758 galeam
1068 2705 1099 2742 ac
1116 2688 1302 2743 tortitudinem

191 2775 293 2830 frustra
310 2777 344 2830 D.
436 2779 459 2830 l.
483 2777 612 2831 dissilivit
629 2777 662 2830 R.
751 2776 892 2830 confestim
910 2775 945 2828 Η.
1030 2775 1253 2844 comprehendam
1267 2777 1300 2830 A.

190 2862 455 2931 comprehen⁶⁰¹¹dnm
472 2861 503 2916 Ε.
609 2863 634 2915 2.
660 2864 770 2932 regique
798 2861 1016 2932 comprehensum
1038 2862 1163 2917 offerunt.
1204 2863 1240 2918 m
1266 2864 1301 2918 D.

189 2949 213 3002 3.
234 2949 389 3002 Alexander
408 2948 475 3013 fehlt
491 2949 524 3000 R.
607 2947 687 3002 buius
706 2948 772 3003 facti
791 2965 899 3003 causam
918 2949 1076 3018 requisisset
1093 2950 1127 3003 D.
1197 2949 1257 3003 hait
1268 2949 1300 3003 A.

189 3035 215 3088 4.
235 3049 276 3086 me
296 3049 327 3086 ex
345 3049 455 3086 numero
474 3035 581 3086 tuorum
598 3034 715 3086 militnm
738 3050 791 3086 non
816 3050 883 3088 esse.
908 3036 940 3088 D.
1042 3037 1067 3090 5.
1086 3035 1229 3090 Enimuero
1248 3051 1302 3090 non

189 3119 300 3188 persicis
318 3118 366 3171 sed
383 3116 550 3172 uestratibus
568 3118 650 3171 armis
665 3117 776 3173 indutus
795 3120 828 3172 D.
917 3120 1059 3188 dignitatis
1079 3122 1121 3176 ius
1139 3121 1217 3176 modo
1229 3121 1301 3192 apud

190 3203 294 3258 darium
313 3204 346 3257 D.
430 3204 456 3256 6.
475 3205 506 3255 ut
522 3203 546 3256 si
564 3203 749 3258 interfecissed
764 3204 800 3258 H.
875 3205 900 3258 7.
919 3222 1054 3274 premerer
1073 3207 1131 3262 AD.
1206 3212 1231 3264 8.
1245 3223 1301 3262 rna·

190 3289 233 3356 gis
252 3288 412 3344 fortunali.
512 3303 614 3342 mecum
631 3289 700 3354 fehlt
718 3289 750 3343 A.
854 3291 879 3345 9.
899 3289 996 3346 fuisset
1013 3293 1046 3345 B.
1133 3293 1184 3348 His
1202 3294 1302 3349 auditis

189 3374 332 3429 alexander
349 3375 383 3428 D.
472 3375 612 3441 promissis
623 3375 657 3429 D.
685 3377 809 3444 promisis
821 3376 856 3430 H.
949 3381 976 3432 et
990 3377 1100 3444 settltD.
1185 3382 1227 3434 10.
1240 3395 1301 3450 pro·

189 3461 276 3528 priam
296 3461 330 3515 H.

279 3560 325 3616 13.
345 3561 387 3613 11.
410 3559 513 3614 Dehinc
532 3561 565 3614 D.
654 3561 847 3617 innumerabile
866 3562 902 3616 H.
980 3563 1148 3618 multitudini
1166 3566 1198 3618 A.
1232 3565 1302 3619 mul-

189 3645 305 3701 titudine
324 3647 513 3700 innumerabili
531 3645 562 3699 Ε.
599 3647 771 3702 multitudine
790 3664 928 3718 persarum
948 3649 981 3702 D.
1070 3649 1200 3704 exercitus
1217 3649 1301 3706 HLD.

190 3734 232 3786 14.
252 3735 372 3786 coactam
389 3763 422 3772 —
441 3731 663 3788 innumerabilem
682 3734 882 3788 multitudinem
899 3735 932 3788 B.
1043 3737 1168 3790 12-14.
1189 3737 1304 3792 accessit

190 3816 438 3878 bisinnumerabili
455 3819 627 3873 multitudine
644 3817 712 3884 sebit
724 3819 755 3872 R.
824 3823 856 3874 ll
874 3821 945 3874 --14.
964 3819 1127 3874 exercituum
1144 3821 1186 3876 bie
1203 3824 1302 3893 quippe

189 3903 219 3956 in
236 3919 319 3958 uuum
336 3903 404 3969 sebit
415 3905 450 3956 D.
541 3906 582 3960 14.
601 3909 763 3960 armatorum
777 3905 813 3958 Η.
850 3905 1051 3960 multitudinem
1068 3907 1303 3964 innumerabilium

190 3993 353 4044 armatorum
370 3990 397 4042 iu
417 4005 500 4043 unum
520 3991 708 4060 comprehendi
725 3991 831 4046 iuberet
848 3991 882 4045 D.
991 3993 1032 4046 15.
1057 3997 1086 4047 et
1107 4009 1198 4049 eorum
1216 3995 1302 4050 corni·

190 4083 240 4138 bus
259 4085 293 4138 D.
365 4084 406 4137 16.
428 4063 531 4136 odnie
549 4084 580 4138 L.
616 4085 719 4140 acneeti
737 4087 769 4140 A.
806 4087 914 4140 annecti
926 4086 957 4140 B.
982 4089 1069 4143 enecti
1088 4091 1121 4144 D.
1149 4083 1257 4160 alligari
1269 4091 1301 4145 B.

190 4170 341 4224 immitatur
358 4169 393 4224 H.
429 4171 550 4223 mutatus
567 4171 600 4223 R.
636 4174 780 4242 utrmque
797 4173 920 4228 imitatus
936 4173 1004 4239 seta
1021 4175 1055 4230 D.
1150 4179 1182 4230 ut
1198 4179 1227 4230 et
1245 4193 1302 4230 eor·

191 4255 269 4310 nibus
296 4258 392 4312 erectis
419 4255 570 4312 HLABHR.
601 4255 678 4310 Viae.
696 4257 768 4311 Bell.
812 4261 843 4312 ut
867 4259 948 4312 ramis
966 4259 995 4313 in
1013 4261 1137 4317 cornibus
1153 4262 1248 4317 erectis
1267 4263 1301 4316 D.

192 4341 233 4396 17.
253 4341 412 4398 siluestraem
424 4340 455 4394 Ε.
474 4341 599 4397 siluester
611 4343 646 4398 H.
722 4347 817 4414 ageret
833 4345 980 4414 bacasque
998 4347 1033 4401 D.
1105 4349 1148 4404 18.
1161 4350 1302 4421 extinctus

190 4425 346 4497 dignoscere
364 4429 400 4483 H.
435 4427 510 4484 exitu
528 4427 685 4486 dinoscendi
702 4431 737 4486 D.
826 4431 869 4486 19.
888 4431 997 4502 Exque
1015 4432 1051 4486 H.
