3208 5024
701 443 741 507 11,
759 443 785 497 2.
1262 447 1295 501 39

188 622 292 668 seram
318 601 356 668 ad
377 620 449 681 vos,
485 605 537 686 qui
569 605 687 670 excisos
715 605 832 688 linguis
861 605 984 670 vestros
1014 609 1153 673 oratores
1183 609 1223 674 ad
1245 627 1296 673 mo

187 707 380 789 perduceret.
424 707 469 770 At
491 727 574 772 nuuc
597 708 769 773 consultius
798 709 876 772 milri
898 709 1000 774 risum
1022 713 1086 787 ost,
1121 712 1296 794 meipsum

188 809 228 874 ad
249 809 474 874 subvertendas
489 812 631 876 Athenas
653 831 835 894 properare,
857 832 936 895 quae
958 813 1051 878 iussis
1074 815 1191 880 nostris
1208 815 1295 880 obie-

188 913 265 977 cerit
295 914 532 978 contumaciam.
586 914 621 980 si
654 934 727 980 vero
760 916 833 980 huic
866 917 1076 998 experimento
1111 917 1295 984 declinando

188 1016 365 1094 consulitis,
390 1018 497 1082 decem
520 1015 660 1083 oratores
686 1021 806 1083 vestros
830 1018 869 1084 ad
892 1039 942 1084 ma
965 1019 1076 1084 deduci
1099 1021 1208 1097 sinite;
1235 1023 1331 1088 hoot

187 1119 269 1184 enim
290 1120 381 1186 modo
407 1121 571 1186 saevitiam
594 1125 734 1186 nostram
757 1141 974 1188 mansuescere
988 1123 1162 1205 poteritis.“
1208 1124 1295 1204 Quae

187 1243 237 1288 res
253 1241 325 1287 oum
339 1243 412 1288 mox
435 1225 604 1290 incuriam
627 1225 807 1290 universum
830 1229 955 1292 coetum
977 1229 1200 1304 contraxisset,
1223 1247 1294 1311 per·

187 1329 353 1392 cunctatus
376 1329 548 1392 Aeschines
574 1331 679 1394 orator
700 1329 732 1393 in
752 1331 829 1394 haec
849 1329 945 1395 rerba
967 1331 1187 1395 concionatur:
1213 1333 1293 1414 [8111.

187 1431 266 1512 411]
304 1431 608 1513 „comprehendisse
630 1451 680 1496 me
704 1433 820 1508 sentio,
848 1451 866 1498 o
889 1434 1099 1498 Athenienses
1122 1435 1194 1520 riri,
1216 1435 1295 1499 nihil

187 1534 357 1598 commodis
379 1535 494 1599 uostris
517 1539 572 1600 aut
590 1536 686 1600 saluti
708 1536 834 1614 utilius,
863 1555 958 1618 quam
981 1539 1017 1601 ut
1038 1537 1072 1600 in
1089 1537 1149 1602 hac
1168 1541 1294 1604 senten·
1313 1545 1354 1604 10

187 1637 232 1702 tia
253 1638 474 1719 perseveretis,
501 1639 549 1702 uti
569 1639 798 1704 conditionibus
818 1640 1051 1722 praeceptisque
1077 1641 1161 1724 regis
1183 1660 1294 1722 parea-

186 1760 271 1817 mus,
307 1742 492 1822 praosertim
524 1761 596 1806 cum
627 1741 798 1806 Alexandri
831 1743 1061 1807 iustitutionem
1093 1745 1126 1808 et
1157 1744 1295 1826 Philippi

187 1845 415 1908 vehementiam
443 1844 633 1909 reminiscar.
678 1845 803 1910 Etenim
828 1845 973 1928 Philippo
1004 1847 1202 1928 arrogantiae
1224 1865 1293 1912 mos

186 1947 327 2030 proprior
350 1949 433 2022 erat,
458 1947 636 2012 Alexandro
662 1967 736 2012 vero
760 1947 874 2013 adsunt
896 1949 1079 2013 Aristotelis
1101 1949 1291 2032 discipliuae.

186 2050 330 2115 Forsitan
354 2049 450 2114 etiam
472 2051 521 2114 his
545 2051 733 2135 condignam
755 2052 963 2116 reuerentiam
983 2051 1117 2130 deleret,
1144 2053 1293 2136 aquibus
1313 2063 1352 2122 15

186 2153 246 2218 sibi
269 2155 355 2217 ortae
379 2156 453 2217 sunt
475 2153 603 2218 eaedem
623 2154 820 2236 disciplinae,
851 2154 966 2236 fietque
986 2155 1144 2236 profecto,
1168 2159 1204 2221 ut
1225 2141 1294 2220 om‘·

186 2276 257 2320 uem
279 2257 486 2321 intentionem
509 2257 619 2334 animi,
643 2258 799 2339 quemad
823 2277 879 2322 nos
903 2277 1041 2322 armasse
1057 2259 1237 2337 videbatur,
1261 2259 1293 2324 iu

186 2359 435 2425 benevolentiam
458 2362 577 2437 vertat,
599 2380 733 2442 namquo
756 2360 815 2442 ipsi
839 2379 890 2424 ars
912 2360 1065 2443 regnandi
1081 2365 1129 2426 est
1146 2362 1293 2428 tradita.“

187 2465 270 2546 [9111.
296 2463 373 2546 aa]
408 2463 466 2528 His
487 2463 579 2529 dictis
601 2465 640 2528 ab
663 2463 819 2528 Aeschine
840 2463 1006 2528 confestim
1020 2464 1189 2542 Demades,
1212 2484 1293 2530 unus
1401 2517 1402 2521 ,

187 2586 203 2631 e
226 2585 355 2632 numero
378 2570 537 2632 oratorum
557 2587 619 2633 nou
643 2567 807 2650 ignobilis,
831 2567 1023 2648 subsequens
1045 2568 1119 2632 hinc
1141 2567 1295 2632 exoritur:
1312 2568 1354 2626 20

188 2669 383 2753 „Quousque
407 2670 580 2736 Aeschines
602 2671 692 2735 nobis
714 2670 900 2734 timiditates
929 2669 1041 2747 struis,
1073 2670 1222 2734 territans
1237 2689 1295 2736 nos

189 2775 221 2838 et
243 2777 387 2839 avertens
419 2794 438 2839 a
467 2773 542 2840 belli
572 2773 699 2850 studiis,
736 2773 848 2856 quibus
876 2793 999 2856 semper
1027 2773 1129 2838 incliti
1156 2773 1297 2839 fuimus?

273 2973 299 3023 a.
326 2969 597 3022 succensurum
624 2969 658 3020 rr.
766 2968 791 3020 a.
815 2950 959 3021 tenendas
986 2968 1016 3020 n.
1061 2967 1219 3022 evertendas
1245 2967 1297 3022 vo.

188 3052 319 3107 adthenas
338 3055 372 3107 H.
463 3053 559 3107 obiecit
577 3055 607 3107 L.
643 3053 825 3120 Quoiussarffa
844 3055 971 3108 abicereit
989 3069 1037 3122 per
1055 3055 1247 3108 contumaciam
1261 3055 1297 3108 H.

190 3153 257 3208 quae
277 3169 309 3178 -
328 3141 522 3193 contumaciam
538 3139 606 3204 fehlt
621 3139 654 3194 D.
743 3141 768 3196 5.
788 3141 918 3196 consultis
935 3140 970 3193 H.
1047 3139 1109 3193 duci
1127 3141 1161 3193 D.
1240 3139 1299 3194 Hoo
1342 3159 1345 3164 ·

189 3225 260 3279 euim
278 3225 376 3278 honoro
395 3226 428 3279 D.
537 3226 563 3279 6.
582 3227 681 3280 seuicia
698 3243 751 3282 oon
765 3228 869 3281 amciter
886 3225 963 3280 hand
979 3225 1119 3294 corrigiam
1141 3226 1173 3278 ia
1190 3227 1297 3281 senteu-

188 3311 255 3364 tiam
272 3311 307 3365 H.
397 3311 595 3366 mansuefacere
613 3311 668 3366 BD.
759 3313 783 3366 7.
803 3329 862 3366 mox
879 3329 939 3366 cum
951 3311 972 3344 ¹⁰
984 3312 1113 3366 incuriam
1132 3313 1163 3366 L.
1237 3312 1297 3366 uni·

188 3403 274 3452 versa
290 3398 321 3452 Ε.
409 3401 470 3452 cetu
487 3397 567 3452 ABD.
654 3399 679 3453 8.
701 3398 822 3452 eschines
841 3399 898 3452 ΗΒ.
934 3397 1075 3452 heschiues
1093 3398 1126 3451 A.
1196 3397 1297 3452 hechi-

189 3501 236 3538 ues
254 3486 284 3538 L.
321 3500 369 3552 per
387 3485 496 3540 ciuitate
516 3483 619 3537 ochiue·
636 3485 671 3536 D.
748 3484 837 3538 doinst
849 3485 882 3537 D.
962 3485 988 3538 9.
1008 3483 1252 3552 comprehendisset
1264 3481 1296 3536 A.

190 3573 231 3626 10.
251 3572 350 3626 uestris
369 3571 402 3624 D.
473 3587 552 3640 quarn
573 3571 596 3623 si
615 3570 643 3624 in
662 3570 695 3623 D.
771 3571 813 3624 11.
832 3570 1039 3638 perseueraretis
1055 3571 1088 3623 D.
1167 3571 1209 3622 12.
1221 3584 1298 3638 prae·

189 3659 281 3712 sertim
291 3675 350 3712 oum
361 3657 506 3712 Alexandri
515 3657 555 3710 bie
564 3673 611 3725 per
624 3656 744 3709 Ciliciam
758 3656 880 3710 ordinato
894 3657 963 3726 (cap.
977 3657 1008 3719 2,
1021 3655 1038 3708 2
1050 3655 1091 3710 bie
1103 3655 1131 3718 2,
1145 3657 1172 3724 7)
1183 3655 1251 3721 fehlt
1262 3654 1296 3709 D.

191 3745 231 3798 13.
251 3743 374 3812 phylippi
392 3745 427 3796 H.
471 3743 581 3812 phylipo
600 3733 762 3810 ''rogantiae
781 3741 836 3812 L..
922 3742 962 3794 14.
980 3742 1101 3810 proprior
1119 3740 1193 3794 LVb.
1236 3756 1298 3808 pro·

189 3830 248 3897 pior
267 3827 322 3880 AB.
366 3828 499 3895 propicior
526 3829 560 3880 H.
667 3825 822 3893 discipliues
848 3825 986 3894 corr-ipim
1012 3843 1065 3878 aas
1091 3825 1241 3894 disciplinis
1266 3825 1297 3880 L.

191 3913 232 3968 15.
245 3913 381 3966 F⁰resitau
391 3913 425 3965 H.
445 3914 583 3968 Forsitaut
600 3913 632 3967 A.
704 3911 882 3966 reuerentiam
901 3913 1061 3980 condignam
1079 3912 1133 3966 LE.
1199 3913 1241 3966 16.
1256 3924 1299 3986 ep·

190 3997 250 4050 dem
269 3997 325 4050 AB.
361 3997 488 4050 haeedem
501 3999 532 4050 L.
569 3997 800 4052 escensiones
818 3997 868 4049 Vb.
941 3999 983 4051 17.
999 3999 1175 4052 intentionem
1186 3997 1254 4064 seclo
1265 3999 1297 4054 A.

190 4084 225 4138 ad
242 4101 290 4138 uos
308 4099 426 4138 armasse
446 4083 545 4138 ABVh.
593 4085 628 4138 ad
654 4095 705 4137 usu
730 4099 778 4136 nos
803 4098 920 4136 armasse
946 4083 980 4136 H.
1028 4083 1171 4138 aduersum
1189 4101 1239 4138 uos
1256 4102 1298 4140 ar-

191 4187 277 4226 masse
298 4171 330 4224 L.
367 4169 401 4223 ad
420 4185 537 4224 armasse
555 4169 586 4222 Ε.
693 4169 733 4224 19.
754 4166 788 4222 ab
815 4167 920 4222 eschino
939 4167 971 4221 B.
1007 4167 1128 4223 eschines
1147 4170 1178 4223 Ε.
1214 4170 1300 4224 hosci-

191 4273 239 4311 nes
256 4257 289 4312 A.
325 4257 431 4310 echinos
448 4257 479 4308 ic
497 4255 584 4308 csines
603 4254 744 4324 corripere
761 4253 796 4307 H.
878 4253 921 4306 20.
940 4253 973 4306 de
984 4269 1095 4308 numero
1113 4255 1145 4308 L.
1216 4256 1300 4310 exori·

190 4346 235 4396 tur
252 4341 401 4397 HLABVh.
437 4341 571 4396 exorditur
589 4341 620 4395 Ε.
720 4344 762 4395 21.
782 4337 904 4393 eschines
920 4339 952 4392 Β.
987 4338 1128 4394 heschiues
1144 4339 1179 4394 H.
1215 4339 1300 4394 hesai-

192 4443 239 4480 ues
257 4427 289 4480 A.
379 4429 460 4482 struis
478 4427 622 4482 LABEVb.
658 4425 759 4494 ingeris
772 4425 807 4480 H.
897 4425 940 4482 22.
959 4429 1066 4480 auertes
1085 4427 1120 4481 H.
