3208 5024
692 423 719 488 1,
738 425 781 480 23.
1255 429 1290 487 25

193 585 285 652 dietis
304 586 420 652 transit
441 588 481 652 ad
503 589 652 664 matrem,
680 586 731 652 eui
753 586 816 652 ait:
855 588 1018 669 „Quaeso¹
1044 590 1089 656 mi
1111 594 1225 671 mater,
1252 613 1291 658 ne

192 691 346 758 movearis
369 711 461 774 super
482 691 547 771 hia,
572 692 704 775 quaein
725 693 757 756 te
779 710 832 756 rex
861 693 993 758 maritus
1011 698 1127 779 egerat.
1173 697 1290 778 Quam-

194 796 241 861 vis
270 795 353 860 enim
380 796 449 878 ipsa
469 797 559 862 ‘elam
588 797 703 862 habeas
724 795 797 880 quid
824 799 1060 878 commeruerit,
1098 819 1155 884 age
1185 804 1291 868 tamen

190 909 312 966 morem
339 901 657 980 conscientiaeque,
697 902 785 968 ouius
807 905 924 967 memet
949 905 1065 968 testem
1087 906 1200 984 habes,
1238 907 1291 990 qui

192 1005 250 1070 tibi
269 1006 398 1084 suadeo,
418 1009 455 1071 ut
478 1009 511 1071 te
533 1005 645 1071 reddas
667 1007 811 1073 marito.“
856 1005 945 1072 Cedit
967 1007 1109 1073 suadenti
1130 1009 1193 1074 filio
1222 1029 1291 1075 ma·
1310 1007 1327 1067 5
1377 1051 1379 1060 .

190 1111 257 1186 ter,
281 1112 312 1175 et
330 1109 397 1194 ipso
416 1109 493 1175 duoe
515 1110 636 1175 revenit
659 1109 699 1175 ad
720 1109 878 1178 maritum.
921 1113 963 1176 nt
985 1112 1179 1177 Alexander:
1218 1115 1292 1191 „En

191 1213 283 1290 tibi‚“
317 1213 433 1297 inquit,
469 1232 515 1292 „o
538 1215 627 1296 pater
648 1215 810 1299 Olympias
839 1219 913 1281 tua!
957 1217 1053 1300 Agite
1080 1234 1193 1298 quaeso
1219 1219 1292 1300 post

190 1316 268 1380 iram
299 1317 539 1404 integrationem
569 1317 740 1403 coniugalis
766 1321 913 1399 affectus,
951 1339 1009 1385 nee
1037 1320 1078 1385 sit
1104 1320 1290 1403 pudendum,

191 1421 219 1484 si
240 1421 323 1487 filius
345 1423 404 1487 aim
425 1422 606 1506 parentibus
627 1424 816 1507 copulator.“
860 1425 919 1490 His
940 1425 1031 1490 dietis
1046 1425 1195 1508 impetrat
1209 1425 1293 1508 quod

190 1525 322 1591 laborat.
1311 1536 1351 1592 10

276 1662 332 1730 23.
367 1665 459 1746 ·[8M.
484 1665 583 1747 1611]
627 1665 686 1730 His
717 1665 814 1730 ferme
842 1665 951 1730 diebus
976 1666 1088 1750 quibua
1120 1665 1199 1732 haee
1222 1670 1292 1734 aeta

191 1769 264 1833 aunt
295 1767 446 1833 Methona
478 1769 588 1834 civitas
628 1769 793 1835 nunciatur
823 1770 968 1854 obsequio
1006 1771 1183 1838 detrivisse.
1241 1773 1291 1838 Ad
1328 1763 1337 1786 ⁸

191 1891 285 1956 quam
299 1872 462 1955 Philippus
483 1873 586 1938 animo
609 1873 774 1951 inuitatus,
797 1893 868 1938 oum
889 1875 991 1938 adhue
1013 1874 1131 1941 viribus
1153 1878 1291 1962 eorporis

191 1977 350 2053 deficeret,
387 1979 596 2060 opportunum
627 1980 715 2043 ratus
740 1979 788 2043 est
810 1977 1023 2044 Alexandrum
1053 1999 1124 2046 cum
1145 1983 1253 2048 multit
1276 2019 1291 2032 -

191 2081 261 2146 dine
284 2081 391 2146 hostili
413 2081 488 2147 illue
509 2083 594 2147 mitti
616 2083 737 2148 debere.
779 2081 877 2165 quue
893 2081 1072 2150 adolescens
1087 2089 1291 2170 properanter
1311 2097 1350 2156 15

193 2186 383 2270 exsequitur,
414 2187 581 2271 diligenter
604 2206 726 2270 qnoque
749 2187 912 2253 subactam
938 2193 1142 2255 memoratam
1165 2192 1291 2257 nuntiat

195 2291 359 2358 civitatem.
414 2293 511 2374 [911]
562 2292 646 2357 Dum
672 2291 769 2376 igitur
797 2291 957 2376 ingressus
986 2292 1026 2358 ad
1057 2297 1180 2378 patrem
1212 2297 1291 2360 haee

192 2397 364 2476 andnamt,
401 2396 480 2462 vidit
506 2397 585 2462 forte
614 2397 646 2461 in
668 2395 759 2462 domo
790 2397 877 2481 regia
906 2397 990 2462 uiros
1016 2398 1148 2465 barbaro
1171 2400 1290 2480 habitu,

189 2505 456 2584 percunctanaque
486 2501 660 2586 cognoscit,
687 2495 779 2566 Darii
801 2502 884 2586 regis
903 2504 1071 2568 Persarum
1101 2503 1291 2588 legationem

190 2605 299 2684 trisse,
329 2607 381 2690 qui
404 2601 555 2671 venerant
577 2626 633 2689 pro
652 2605 771 2671 tributo
794 2609 888 2689 atque
912 2626 1019 2684 censu,
1049 2609 1153 2672 terrae
1172 2607 1291 2674 soilieet
1312 2623 1353 2681 20

192 2711 224 2774 et
246 2730 352 2793 aquae.
397 2710 532 2776 Miratur
553 2711 731 2775 Alexander
754 2712 786 2775 et
808 2709 933 2793 petendi
956 2729 1075 2776 morem
1097 2713 1129 2777 et
1151 2711 1288 2790 titulum,

191 2813 325 2898 dixitque
347 2814 414 2892 uni,
453 2815 505 2898 qui
527 2814 645 2898 primus
672 2814 799 2880 illorum
829 2833 897 2880 ease
920 2813 1100 2881 uidebatur:
1137 2816 1293 2894 „Haeone

277 3060 301 3112 1.
320 3073 379 3112 mea
395 3062 480 3114 mater
499 3061 530 3114 Β.
619 3060 645 3113 2.
657 3075 702 3114 rer
717 3059 784 3126 fehlt
796 3059 827 3114 A.
899 3060 986 3130 egerit
1004 3059 1095 3114 DVbe.
1180 3061 1206 3116 3.
1219 3061 1294 3130 quod

188 3145 355 3200 commineris
372 3147 406 3200 D.
482 3145 509 3200 4.
527 3161 599 3200 more
618 3147 652 3200 D.
735 3149 797 3200 tuae
813 3145 881 3212 fello
895 3147 926 3201 L.
1006 3149 1105 3201 memet
1115 3146 1181 3202 Vbo.
1201 3163 1243 3203 me
1255 3150 1289 3202 D.

188 3249 230 3286 me
249 3235 277 3287 et
293 3235 320 3288 ie
345 3233 472 3288 HIABE.
509 3231 566 3288 ἀλλ’
590 3232 645 3303 ἐγὼ
663 3238 760 3304 μέντοι
779 3231 891 3302 ἔλεγχός
918 3251 962 3285 σοι
986 3232 1097 3306 ἔσομαι.
1116 3233 1147 3291 A.
1186 3234 1239 3304 ἐγὼ
1259 3236 1290 3289 ol

190 3317 303 3390 ἔλεγχός
320 3335 370 3374 σου
387 3318 515 3390 τυγχάνω
534 3317 659 3394 (ὑπάρχω
677 3319 731 3390 A),
768 3321 928 3388 Αἰγυπτίου
946 3318 1049 3394 πατρὸς
1068 3318 1108 3375 ὢν
1126 3318 1194 3382 υἱός.
1212 3321 1289 3377 LBC.

187 3407 214 3462 5.
231 3410 331 3461 utnon
350 3405 458 3462 recedas
474 3423 491 3461 a
505 3407 609 3461 marito.
628 3407 661 3461 D.
733 3408 758 3462 6.
779 3405 884 3460 renenit
894 3405 1005 3460 BDVbo.
1036 3407 1130 3462 duoete
1147 3409 1222 3464 uenit
1233 3408 1291 3464 AD.

188 3492 267 3548 rediit
288 3494 319 3547 Ι..
354 3493 430 3549 venit
452 3494 487 3547 Η.
586 3493 633 3548 nt
651 3492 792 3548 alexander
815 3493 855 3548 ait
871 3492 905 3548 D.
1007 3494 1032 3547 7.
1057 3495 1146 3563 iuquit
1166 3495 1233 3563 sedit
1257 3497 1289 3550 D.

188 3580 308 3650 opater]
328 3583 457 3650 estpater
474 3583 510 3632 Η.
586 3595 637 3650 age
654 3581 689 3635 D.
763 3582 826 3649 poet
843 3567 891 3634 int
902 3579 1083 3650 integratione
1100 3579 1133 3634 A.
1208 3583 1233 3637 8.
1250 3583 1290 3637 ef·

186 3665 272 3720 iectus
290 3667 324 3720 D.
412 3683 445 3720 ne
462 3668 496 3720 D.

271 3769 319 3826 23.
339 3773 380 3826 12.
400 3773 506 3825 motena
523 3772 556 3825 D.
591 3767 797 3836 ‚,Oodeor1ule'i
822 3769 926 3824 Valerii
947 3769 990 3824 tia
1007 3770 1146 3836 Mathana,
1177 3778 1202 3828 et
1226 3788 1289 3829 awa

186 3856 226 3910 dte
245 3856 383 3912 Mothana.
420 3857 541 3912 Gratata
563 3855 647 3910 codar
670 3851 813 3922 Μοθώνη,
840 3856 944 3922 latinae
962 3857 1022 3913 ilem
1040 3857 1193 3913 Mothona“
1215 3859 1287 3914 Mat.

186 3943 219 3998 ab
238 3944 362 4013 obsequio
380 3943 412 3997 Β.
490 3943 623 3998 deuenisse
635 3943 670 3996 H.
705 3939 823 3994 defuisse
840 3943 874 3996 D.
957 3947 999 4001 13.
1018 3945 1086 4016 Atq;
1105 3943 1242 4016 philippus
1253 3948 1287 4001 D.

186 4031 253 4085 adue
271 4029 373 4085 uiribus
393 4031 427 4084 H.
464 4030 563 4095 auirib;
586 4031 620 4084 D.
710 4029 750 4082 14.
770 4026 926 4084 deficeretur
949 4031 999 4085 Vb.
1087 4033 1217 4102 optimum
1236 4033 1286 4089 Vb.

188 4117 228 4172 15.
248 4117 322 4172 ostili
339 4117 371 4170 A.
460 4116 539 4186 ldoq;
557 4117 589 4170 D.
675 4128 786 4184 propere
805 4114 838 4167 H.
935 4119 975 4171 16.
995 4117 1206 4190 diligenterque:
1225 4121 1287 4176 eub-

185 4207 273 4258 aotam
290 4205 360 4258 enim
378 4203 429 4258 Vb.
520 4204 551 4258 17
571 4201 637 4257 haee
650 4201 718 4268 fehlt
736 4203 769 4254 D.
860 4201 900 4255 18.
918 4203 992 4258 videt
1009 4205 1059 4259 Vb.
1162 4207 1289 4264 barbaros

184 4291 258 4345 uiros
275 4291 369 4346 habitu
384 4292 417 4345 D.
506 4291 547 4345 19.
567 4304 731 4359 pereuntque
749 4289 785 4340 Η.
821 4293 1029 4359 pereunotaeqnu
1047 4292 1079 4344 A.
1168 4295 1196 4348 in
1214 4296 1287 4366 lega·

184 4375 286 4446 tjonum
305 4377 411 4432 nemeae
429 4379 461 4431 D.
543 4378 586 4433 20.
605 4375 651 4445 qni
668 4377 765 4428 nerant
782 4374 816 4428 H.
900 4375 1001 4430 scilieet
1019 4376 1087 4442 [edla
1104 4377 1134 4431 L.
1207 4381 1250 4435 21.
1260 4385 1288 4436 et

184 4467 264 4534 atque
290 4464 325 4517 Η.
431 4465 473 4518 22.
499 4463 547 4518 uni
570 4493 600 4504 -
626 4461 767 4547 videbatur
796 4460 865 4528 fehlt
893 4461 935 4516 dei
963 4461 1095 4519 Paeona.
1132 4466 1191 4520 arud
1226 4468 1286 4524 Vae.
