3208 5024
307 423 342 477 24
804 418 833 484 Ι,
854 419 896 473 22.

306 586 408 662 tatus,
437 583 585 668 poculum
607 581 689 667 qnod
711 583 770 648 sibi
793 601 867 666 prae
888 601 984 648 mann
1007 583 1075 646 arat
1096 581 1251 660 iaculans,
1280 582 1406 666 Lysiam

307 689 460 754 uulnerat.
506 687 566 754 Sed
587 708 639 752 rex
662 689 882 754 efferuescente
904 687 952 752 ira
967 687 1129 770 prosiliens
1144 686 1176 750 in
1195 685 1407 752 Alexandrum

292 811 458 875 crureque
481 793 643 858 vunerauo
669 793 859 876 procumbit,
898 795 930 857 et
951 791 1127 857 Alexander
1156 793 1278 874 arrepto
1301 789 1405 874 gladio

308 915 431 975 ornnes,
452 897 506 980 qui
526 917 593 963 sese
616 896 716 963 ueluti
738 895 1061 980 comprehendendum
1081 895 1258 974 inruerant,
1288 895 1407 960 dissicit

272 999 341 1066 oet
365 1001 533 1085 egreditur.
984 1059 986 1070 ,

346 1129 349 1140 ·
394 1103 449 1172 22.
495 1107 528 1188 [6
538 1106 578 1167 Μ.
604 1105 702 1187 14R.]
748 1103 809 1184 Qui
833 1105 939 1169 autem
973 1103 1103 1170 aderant
1131 1103 1309 1187 Philippum
1334 1123 1407 1188 gra·

309 1209 389 1275 viter
409 1210 607 1275 uulneratum
631 1209 773 1274 cubiculo
796 1208 978 1274 inducentes
999 1208 1114 1274 lectule
1140 1207 1305 1291 deponunt.
1346 1209 1409 1274 Sed

308 1315 379 1397 post
402 1313 467 1379 dies
490 1315 609 1396 plures,
636 1331 708 1378 cnm
730 1313 792 1377 ianr
815 1331 885 1395 spes
908 1314 991 1377 esset
1020 1313 1086 1377 eius
1116 1313 1332 1391 recurationis,
1357 1313 1407 1378 in-

308 1418 450 1502 greditur
465 1417 642 1484 Alexander
664 1417 764 1483 amica
787 1416 1011 1496 sollicitudine,
1035 1417 1260 1500 eonsidensque
1278 1418 1407 1483 lectulo:

252 1527 292 1585 10
309 1527 482 1606 ‚‚quneso,“
518 1521 634 1604 inquit,
671 1540 716 1600 „o
737 1521 894 1606 Philippa,
927 1521 1001 1605 quid
1023 1521 1150 1587 tandem
1173 1522 1218 1588 rei
1239 1525 1302 1601 est,
1326 1521 1408 1606 quod

308 1629 341 1692 te
362 1626 511 1692 averterit
533 1645 552 1690 a
574 1625 728 1710 coniuge?
768 1627 877 1692 Habeo
904 1626 989 1690 enim
1011 1625 1106 1704 scire,
1141 1625 1253 1692 uindex
1274 1627 1306 1691 et
1324 1627 1409 1692 ultor

308 1729 341 1794 in
362 1731 512 1808 matram,
535 1729 562 1793 si
586 1717 678 1814 culpa
698 1730 813 1795 meruit
835 1729 917 1814 quod
941 1733 1096 1795 euenerat.
1127 1730 1207 1811 Quid
1224 1730 1307 1796 enim
1321 1733 1408 1796 uter-

307 1853 368 1917 que
392 1834 647 1912 commeruimus,
683 1833 844 1918 Olympias
875 1834 1006 1900 coniunx
1029 1834 1181 1900 arnarito
1208 1835 1341 1912 abiecta,
1377 1837 1409 1900 et

308 1935 391 2002 lilius
415 1939 543 2020 epatre
564 1938 764 2004 incursatus?
801 1939 881 2019 Quin
902 1957 976 2024 ergo
996 1942 1103 2022 surge!
1135 1939 1203 2004 Iam
1226 1939 1283 2004 tibi
1298 1940 1406 2023 Olym-

251 2041 290 2102 15
308 2041 431 2124 piadem
461 2044 549 2108 tuam
577 2043 609 2107 in
637 2043 773 2128 gratiam
803 2041 983 2108 deducam.“
1035 2044 1067 2125 [7
1078 2045 1117 2106 M.
1144 2051 1181 2106 15
1197 2043 1246 2124 a]
1290 2043 1331 2108 llt
1359 2041 1407 2107 his

306 2279 488 2352 (ἀυουήμευος
509 2282 539 2336 1..
577 2287 810 2354 συνανακείμενσς
833 2281 867 2353 C)
899 2283 993 2353 ἔλεγεν
1009 2289 1048 2353 τῷ
1086 2285 1221 2352 Φιλίππῳ
1259 2283 1407 2352 (Φιλίππῳ

307 2368 367 2422 εἶπε
392 2367 449 2438 O.)·
486 2407 502 2433 ,,
513 2371 638 2423 Φίλιππε
670 2373 798 2438 βασιλεῦ,
833 2367 937 2439 (πάσης
966 2367 1071 2430 πόλεως
1097 2369 1219 2424 δυνάστα
1243 2369 1323 2440 ΒΟ),
1358 2374 1408 2423 νῦν

306 2452 403 2527 γάμου
422 2469 466 2507 σοι
484 2457 619 2528 τελοῦμεν
639 2455 820 2530 Κλεοπάτρας
843 2461 889 2523 τῆς
916 2457 1064 2527 oldendune
1081 2457 1206 2528 (δεσίμης
1222 2456 1254 2511 L.
1285 2455 1409 2529 ἀδελφῆς

306 2541 374 2613 ἐμῆς
390 2541 433 2609 Β.)
461 2539 561 2611 LEO),
589 2539 618 2602 ἐξ
642 2531 673 2608 ἧς
691 2541 909 2610 ποιὸοποιήσεις
936 2549 1068 2612 γνησίους
1095 2544 1199 2604 παῖδας
1225 2541 1408 2615 ἀμοιχεισοὺς

307 2627 501 2699 (ἆμοιχεσίους
527 2628 631 2688 παῖδας
648 2627 695 2693 Δ.,
737 2627 805 2695 fedoli
827 2629 870 2698 B.)
905 2629 1019 2700 ὁμοίους
1044 2628 1124 2690 ὄντας
1148 2635 1185 2700 τῷ
1207 2635 1246 2699 σῷ
1264 2627 1405 2702 προσώπῳ

305 2713 432 2784 (ὁμοίους
451 2718 489 2782 τῷ
500 2719 540 2784 σῷ
555 2711 717 2788 χαράγματι
736 2715 788 2784 Δ.).
807 2712 934 2775 Ἀκούσας
952 2716 982 2770 δὲ
1006 2721 1090 2770 ταῦτα
1109 2719 1203 2786 (τοῦτο
1222 2715 1343 2775 ἀκούσας
1362 2716 1407 2784 A.)
1471 2728 1478 2739 ¹

304 2799 319 2854 ὁ
332 2799 409 2870 (sau
418 2801 483 2871 BG.)
499 2801 673 2874 Ἀλέξανδρος
684 2801 759 2874 παρὰ
768 2807 881 2857 Λυσίου
894 2801 1029 2875 ὀργίζεται
1042 2805 1179 2878 (ὠργίσθη
1186 2803 1229 2875 A.)
1239 2808 1295 2858 κτλ.
1305 2801 1405 2858 ALBO.

306 2927 377 2940 ....
397 2887 443 2957 qni
460 2903 519 2942 cunr
536 2889 565 2942 in
583 2889 700 2958 gratim
716 2889 789 2960 regis
815 2889 968 2944 admordere
987 2891 1214 2946 adolescentulum
1231 2891 1324 2944 vellet:
1354 2890 1405 2943 Po·

304 2973 385 3038 tiara,
412 2975 513 3045 inquit,
541 2992 634 3040 erar,
661 2975 830 3046 Cleopatrae,
862 2977 978 3046 potiare:
1008 2995 1094 3048 equa
1117 2979 1166 3034 tibi
1184 2995 1261 3048 spero
1288 2978 1405 3047 privatos

305 3061 377 3118 filios
392 3065 473 3132 atque
489 3062 725 3118 incommunicatos
743 3064 821 3119 alteri
840 3067 1026 3134 proventuros:
1046 3081 1143 3136 eosque
1161 3066 1207 3135 qni
1219 3065 1337 3120 vultibus
1351 3064 1406 3118 tuis

305 3136 427 3205 et'lelici
452 3151 632 3220 respondeant
656 3151 759 3206 semini.
794 3152 869 3206 Haec
891 3151 938 3206 nbi
954 3151 1026 3207 dicta
1046 3155 1125 3216 sunt,
1156 3153 1284 3207 irmmtim
1303 3150 1406 3205 invenis

304 3237 428 3306 protinus
445 3238 569 3306 poculum
586 3239 657 3308 quod
674 3238 726 3293 sibi
741 3253 805 3308 prae
823 3254 904 3292 manu
924 3243 981 3293 erat
999 3242 1049 3293 etc.
1067 3239 1135 3294 Vah.
1200 3241 1222 3292 l.
1242 3225 1365 3312 peculim
1373 3240 1404 3294 L.

304 3323 357 3378 sibi
371 3322 439 3389 secu
456 3324 488 3378 A.
571 3326 623 3380 erit
639 3326 669 3379 A.
704 3342 785 3380 manu
802 3327 926 3394 praeerat
943 3326 976 3378 D.
1046 3326 1108 3380 licio
1124 3325 1229 3380 HABE.
1307 3329 1332 3383 2.
1346 3327 1405 3381 uul-

303 3410 410 3466 nerauit
425 3411 458 3466 D.
529 3413 554 3466 3.
572 3428 663 3466 cruore
680 3413 837 3468 uulneratus
853 3413 887 3466 D.
957 3411 981 3465 4.
1000 3413 1086 3466 omnis
1098 3413 1133 3464 Η.
1166 3411 1234 3477 sctit
1249 3414 1282 3466 D.
1353 3430 1405 3483 quo

304 3511 362 3552 sese
379 3499 414 3552 D.
489 3497 623 3554 irruerant
639 3499 720 3554 HLB.
754 3499 789 3552 ad
807 3497 1081 3566 comprehendendum
1098 3499 1213 3553 irruerat
1230 3500 1264 3553 D.
1353 3500 1404 3554 dil·

303 3583 360 3639 ficit
376 3586 411 3638 H.
447 3585 566 3640 dissiluit
582 3587 616 3640 D.
704 3587 729 3642 ὃ.
748 3587 828 3654 atque
846 3585 878 3638 Β.

388 3684 435 3740 22.
452 3687 478 3742 6.
496 3685 627 3741 adherant
641 3687 677 3740 Η.
775 3687 799 3740 7.
821 3683 942 3738 cubiculo
959 3685 994 3739 D.
1092 3685 1160 3739 lecto
1178 3686 1210 3739 D.
1303 3685 1329 3740 8.
1349 3687 1403 3741 iam

300 3771 368 3838 fehlt
384 3773 418 3826 D.
505 3773 562 3828 eins
583 3772 650 3839 fehlt
666 3773 700 3826 D.
787 3771 972 3841 reserationis]
990 3787 1122 3826 cnm...
1142 3773 1195 3826 inm
1213 3771 1310 3827 bonam
1328 3791 1402 3844 spem

302 3860 447 3914 curationis
464 3859 604 3929 (curationi
623 3859 717 3928 Moli.)
753 3859 922 3928 promitteret
933 3860 998 3914 Vbe.
1033 3860 1241 3929 recuperationis
1258 3861 1402 3916 HLABDE

307 3946 383 4002 Vae.
401 3946 473 4000 Bell.
579 3947 605 4000 9.
631 3945 828 4016 consedensque
852 3947 884 4001 A.
985 3947 1055 4001 lecto
1075 3947 1131 4002 Π).
1239 3949 1278 4002 11.
1298 3951 1402 4003 auerte·

301 4032 340 4087 ris
353 4032 410 4087 AD.
430 4033 629 4088 auertitEVbc.
693 4033 939 4089 HabeoLABDVb.
971 4033 1038 4089 abeo
1051 4035 1083 4088 Η.
1104 4035 1181 4089 Hanc
1193 4035 1227 4090 D.
1243 4035 1317 4089 Auen
1329 4033 1402 4102 Mei,

301 4118 384 4174 Most.
489 4121 512 4176 si
535 4121 630 4176 scirem
647 4120 680 4173 D.
785 4121 857 4175 ultor
880 4121 1052 4190 promeritam
1075 4137 1160 4176 essem
1183 4121 1211 4174 in
1236 4124 1348 4175 matrem
1366 4121 1399 4174 D.

301 4207 343 4260 12.
363 4206 429 4261 sicul
444 4215 480 4277 pa
499 4208 534 4261 H.
631 4209 774 4263 meruimus
794 4210 905 4278 uterque
923 4210 956 4263 D.
1059 4211 1099 4264 ll.
1119 4209 1255 4263 incusatus
1273 4209 1322 4261 Va.
1358 4207 1400 4261 in·

300 4297 422 4350 cursatur
438 4293 487 4349 Vb.
522 4297 554 4350 ut
571 4295 702 4366 olympias
721 4296 833 4352 coniunx
853 4313 869 4351 a
887 4297 983 4352 marito
1001 4295 1104 4351 abiecta
1122 4299 1200 4351 esset.
1219 4294 1291 4350 filius
1310 4296 1399 4349 autem

299 4383 409 4452 epatre
426 4383 585 4438 incursatur.
602 4385 636 4438 D.
741 4399 819 4454 surge
837 4385 892 4439 inm
918 4385 967 4440 tibi
990 4383 1058 4451 sedit
1073 4384 1107 4438 D.
1215 4383 1256 4440 15.
1279 4387 1354 4439 tuam
1371 4384 1399 4438 in

298 4471 415 4540 grat-ium
435 4472 510 4526 tuam
530 4471 608 4528 [ΑΒ.
715 4471 743 4528 io
764 4471 866 4528 deduco
883 4471 917 4527 D.
1021 4471 1057 4526 lit
1085 4469 1153 4538 sedit
1176 4471 1210 4526 D.
1315 4471 1398 4526 isH.
