<?xml version="1.0" encoding="UTF-8"?>
<!DOCTYPE html PUBLIC "-//W3C//DTD XHTML 1.0 Transitional//EN"
    "http://www.w3.org/TR/xhtml1/DTD/xhtml1-transitional.dtd">
<html xmlns="http://www.w3.org/1999/xhtml" xml:lang="en" lang="en">
 <head>
  <title>
</title>
<meta http-equiv="Content-Type" content="text/html;charset=utf-8" />
  <meta name='ocr-system' content='tesseract 3.04.00' />
  <meta name='ocr-capabilities' content='ocr_page ocr_carea ocr_par ocr_line ocrx_word'/>
</head>
<body>
  <div class='ocr_page' id='page_1' title='image "./juliivaleriiepi00zachgoog/juliivaleriiepi00zachgoog_0070.png"; bbox 0 0 3208 5024; ppageno 0'>
   <div class='ocr_carea' id='block_1_1' title="bbox 302 370 936 435">
    <p class='ocr_par' dir='ltr' id='par_1_1' title="bbox 302 370 936 435">
     <span class='ocr_line' id='line_1_1' title="bbox 302 370 936 435; baseline 0.003 -11"><span class='ocrx_word' id='word_1_1' title='bbox 302 370 338 425; x_wconf 85' lang='grc'><strong>50</strong></span> <span class='ocrx_word' id='word_1_2' title='bbox 768 371 810 435; x_wconf 88' lang='lat' dir='ltr'><strong>H,</strong></span> <span class='ocrx_word' id='word_1_3' title='bbox 833 373 874 428; x_wconf 88' lang='grc'><strong>19.</strong></span> <span class='ocrx_word' id='word_1_4' title='bbox 893 373 936 426; x_wconf 96' lang='grc'><strong>20.</strong></span> 
     </span>
    </p>
   </div>
   <div class='ocr_carea' id='block_1_2' title="bbox 235 531 1411 2882">
    <p class='ocr_par' dir='ltr' id='par_1_2' title="bbox 235 531 1411 2882">
     <span class='ocr_line' id='line_1_2' title="bbox 301 531 1410 616; baseline 0.005 -21"><span class='ocrx_word' id='word_1_5' title='bbox 301 533 452 614; x_wconf 89' lang='lat' dir='ltr'><strong>querunt,</strong></span> <span class='ocrx_word' id='word_1_6' title='bbox 489 531 555 612; x_wconf 90' lang='lat' dir='ltr'><strong>ipse</strong></span> <span class='ocrx_word' id='word_1_7' title='bbox 583 531 642 596; x_wconf 94' lang='lat' dir='ltr'><strong>tibi</strong></span> <span class='ocrx_word' id='word_1_8' title='bbox 662 533 800 610; x_wconf 89' lang='lat' dir='ltr'><strong>tradam,</strong></span> <span class='ocrx_word' id='word_1_9' title='bbox 836 534 1004 598; x_wconf 81' lang='lat' dir='ltr'><strong>Persarum</strong></span> <span class='ocrx_word' id='word_1_10' title='bbox 1036 553 1158 616; x_wconf 90' lang='lat' dir='ltr'><strong>queque</strong></span> <span class='ocrx_word' id='word_1_11' title='bbox 1187 537 1220 600; x_wconf 92' lang='lat' dir='ltr'><strong>et</strong></span> <span class='ocrx_word' id='word_1_12' title='bbox 1244 535 1410 601; x_wconf 86' lang='lat' dir='ltr'><strong>Medorum</strong></span> 
     </span>
     <span class='ocr_line' id='line_1_3' title="bbox 301 634 1084 719; baseline 0.004 -21"><span class='ocrx_word' id='word_1_13' title='bbox 301 634 495 716; x_wconf 87' lang='lat' dir='ltr'><strong>aliarumque</strong></span> <span class='ocrx_word' id='word_1_14' title='bbox 517 634 658 718; x_wconf 89' lang='lat' dir='ltr'><strong>gentium</strong></span> <span class='ocrx_word' id='word_1_15' title='bbox 681 635 740 700; x_wconf 88' lang='lat' dir='ltr'><strong>tibi</strong></span> <span class='ocrx_word' id='word_1_16' title='bbox 764 655 896 719; x_wconf 84' lang='lat' dir='ltr'><strong>regnum</strong></span> <span class='ocrx_word' id='word_1_17' title='bbox 919 637 1084 702; x_wconf 85' lang='lat' dir='ltr'><strong>eoneedo.“</strong></span> 
     </span>
     <span class='ocr_line' id='line_1_4' title="bbox 387 736 1409 806; baseline 0.002 -2"><span class='ocrx_word' id='word_1_18' title='bbox 387 736 442 804; x_wconf 86' lang='grc'><strong>19.</strong></span> <span class='ocrx_word' id='word_1_19' title='bbox 488 737 607 802; x_wconf 84' lang='lat' dir='ltr'><strong>Verum</strong></span> <span class='ocrx_word' id='word_1_20' title='bbox 629 737 807 804; x_wconf 77' lang='lat' dir='ltr'><strong>Alexander</strong></span> <span class='ocrx_word' id='word_1_21' title='bbox 829 758 899 803; x_wconf 92' lang='lat' dir='ltr'><strong>oum</strong></span> <span class='ocrx_word' id='word_1_22' title='bbox 928 740 988 804; x_wconf 87' lang='lat' dir='ltr'><strong>hoo</strong></span> <span class='ocrx_word' id='word_1_23' title='bbox 1014 759 1082 804; x_wconf 89' lang='lat' dir='ltr'><strong>sese</strong></span> <span class='ocrx_word' id='word_1_24' title='bbox 1104 740 1233 806; x_wconf 92' lang='lat' dir='ltr'><strong>minime</strong></span> <span class='ocrx_word' id='word_1_25' title='bbox 1252 740 1409 806; x_wconf 84' lang='lat' dir='ltr'><strong>facturum</strong></span> 
     </span>
     <span class='ocr_line' id='line_1_5' title="bbox 300 841 1409 926; baseline 0.003 -20"><span class='ocrx_word' id='word_1_26' title='bbox 300 841 514 919; x_wconf 78' lang='lat' dir='ltr'><strong>denuntiaret,</strong></span> <span class='ocrx_word' id='word_1_27' title='bbox 539 841 654 906; x_wconf 92' lang='lat' dir='ltr'><strong>Darius</strong></span> <span class='ocrx_word' id='word_1_28' title='bbox 674 843 818 924; x_wconf 91' lang='lat' dir='ltr'><strong>protinus</strong></span> <span class='ocrx_word' id='word_1_29' title='bbox 842 844 938 913; x_wconf 85' lang='lat' dir='ltr'><strong>Poro,</strong></span> <span class='ocrx_word' id='word_1_30' title='bbox 962 843 1068 908; x_wconf 88' lang='lat' dir='ltr'><strong>Indiae</strong></span> <span class='ocrx_word' id='word_1_31' title='bbox 1090 843 1170 926; x_wconf 89' lang='lat' dir='ltr'><strong>regi,</strong></span> <span class='ocrx_word' id='word_1_32' title='bbox 1194 843 1304 908; x_wconf 82' lang='lat' dir='ltr'><strong>scribit</strong></span> <span class='ocrx_word' id='word_1_33' title='bbox 1318 845 1409 910; x_wconf 90' lang='lat' dir='ltr'><strong>talia:</strong></span> 
     </span>
     <span class='ocr_line' id='line_1_6' title="bbox 263 944 1409 1029; baseline 0.002 -20"><span class='ocrx_word' id='word_1_34' title='bbox 263 945 404 1025; x_wconf 82' lang='grc' dir='ltr'><strong>5[32Μ.</strong></span> <span class='ocrx_word' id='word_1_35' title='bbox 429 946 529 1026; x_wconf 65' lang='grc'><strong>3013]</strong></span> <span class='ocrx_word' id='word_1_36' title='bbox 567 944 639 1022; x_wconf 89' lang='lat' dir='ltr'><strong>„Mi</strong></span> <span class='ocrx_word' id='word_1_37' title='bbox 661 947 758 1022; x_wconf 88' lang='lat' dir='ltr'><strong>Pore,</strong></span> <span class='ocrx_word' id='word_1_38' title='bbox 792 964 924 1026; x_wconf 89' lang='lat' dir='ltr'><strong>quaeso,</strong></span> <span class='ocrx_word' id='word_1_39' title='bbox 960 946 1006 1010; x_wconf 93' lang='lat' dir='ltr'><strong>uti</strong></span> <span class='ocrx_word' id='word_1_40' title='bbox 1029 949 1140 1028; x_wconf 89' lang='lat' dir='ltr'><strong>gentes</strong></span> <span class='ocrx_word' id='word_1_41' title='bbox 1161 947 1313 1029; x_wconf 89' lang='lat' dir='ltr'><strong>plurimas</strong></span> <span class='ocrx_word' id='word_1_42' title='bbox 1334 967 1409 1012; x_wconf 91' lang='lat' dir='ltr'><strong>eon·</strong></span> 
     </span>
     <span class='ocr_line' id='line_1_7' title="bbox 298 1047 1408 1132; baseline 0.002 -20"><span class='ocrx_word' id='word_1_43' title='bbox 298 1067 427 1132; x_wconf 84' lang='lat' dir='ltr'><strong>greges,</strong></span> <span class='ocrx_word' id='word_1_44' title='bbox 465 1048 603 1130; x_wconf 87' lang='lat' dir='ltr'><strong>mihique</strong></span> <span class='ocrx_word' id='word_1_45' title='bbox 632 1048 671 1112; x_wconf 91' lang='lat' dir='ltr'><strong>ad</strong></span> <span class='ocrx_word' id='word_1_46' title='bbox 700 1047 854 1114; x_wconf 88' lang='lat' dir='ltr'><strong>auxilium</strong></span> <span class='ocrx_word' id='word_1_47' title='bbox 880 1047 1031 1113; x_wconf 86' lang='lat' dir='ltr'><strong>adversus</strong></span> <span class='ocrx_word' id='word_1_48' title='bbox 1054 1048 1266 1113; x_wconf 81' lang='lat' dir='ltr'><strong>Alexandrum</strong></span> <span class='ocrx_word' id='word_1_49' title='bbox 1290 1049 1408 1114; x_wconf 88' lang='lat' dir='ltr'><strong>mittas.</strong></span> 
     </span>
     <span class='ocr_line' id='line_1_8' title="bbox 299 1152 1408 1238; baseline 0.001 -20"><span class='ocrx_word' id='word_1_50' title='bbox 299 1155 422 1236; x_wconf 81' lang='grc'><strong>[3311]</strong></span> <span class='ocrx_word' id='word_1_51' title='bbox 461 1154 528 1218; x_wconf 88' lang='lat' dir='ltr'><strong>Nee</strong></span> <span class='ocrx_word' id='word_1_52' title='bbox 551 1153 652 1217; x_wconf 90' lang='lat' dir='ltr'><strong>deerit</strong></span> <span class='ocrx_word' id='word_1_53' title='bbox 673 1152 763 1218; x_wconf 86' lang='lat' dir='ltr'><strong>vobis</strong></span> <span class='ocrx_word' id='word_1_54' title='bbox 786 1153 960 1237; x_wconf 88' lang='lat' dir='ltr'><strong>eondignus</strong></span> <span class='ocrx_word' id='word_1_55' title='bbox 982 1155 1091 1218; x_wconf 90' lang='lat' dir='ltr'><strong>honor.</strong></span> <span class='ocrx_word' id='word_1_56' title='bbox 1136 1155 1218 1218; x_wconf 89' lang='lat' dir='ltr'><strong>Nam</strong></span> <span class='ocrx_word' id='word_1_57' title='bbox 1241 1154 1408 1238; x_wconf 83' lang='lat' dir='ltr'><strong>unicuique</strong></span> 
     </span>
     <span class='ocr_line' id='line_1_9' title="bbox 298 1256 1407 1339; baseline 0 -17"><span class='ocrx_word' id='word_1_58' title='bbox 298 1257 403 1338; x_wconf 89' lang='lat' dir='ltr'><strong>pediti.</strong></span> <span class='ocrx_word' id='word_1_59' title='bbox 418 1257 498 1322; x_wconf 85' lang='lat' dir='ltr'><strong>dabo</strong></span> <span class='ocrx_word' id='word_1_60' title='bbox 522 1274 634 1320; x_wconf 87' lang='lat' dir='ltr'><strong>aureos</strong></span> <span class='ocrx_word' id='word_1_61' title='bbox 656 1257 737 1334; x_wconf 90' lang='lat' dir='ltr'><strong>tres,</strong></span> <span class='ocrx_word' id='word_1_62' title='bbox 761 1256 858 1338; x_wconf 91' lang='lat' dir='ltr'><strong>equiti</strong></span> <span class='ocrx_word' id='word_1_63' title='bbox 879 1276 954 1321; x_wconf 91' lang='lat' dir='ltr'><strong>vero</strong></span> <span class='ocrx_word' id='word_1_64' title='bbox 976 1257 1127 1339; x_wconf 89' lang='lat' dir='ltr'><strong>quinque,</strong></span> <span class='ocrx_word' id='word_1_65' title='bbox 1148 1260 1180 1322; x_wconf 89' lang='lat' dir='ltr'><strong>et</strong></span> <span class='ocrx_word' id='word_1_66' title='bbox 1201 1259 1307 1322; x_wconf 89' lang='lat' dir='ltr'><strong>eetera</strong></span> <span class='ocrx_word' id='word_1_67' title='bbox 1328 1277 1407 1339; x_wconf 89' lang='lat' dir='ltr'><strong>quae</strong></span> 
     </span>
     <span class='ocr_line' id='line_1_10' title="bbox 298 1359 1407 1442; baseline -0.002 -16"><span class='ocrx_word' id='word_1_68' title='bbox 298 1363 330 1426; x_wconf 94' lang='lat' dir='ltr'><strong>in</strong></span> <span class='ocrx_word' id='word_1_69' title='bbox 356 1360 513 1426; x_wconf 89' lang='lat' dir='ltr'><strong>alimentis</strong></span> <span class='ocrx_word' id='word_1_70' title='bbox 536 1359 713 1424; x_wconf 76' lang='lat' dir='ltr'><strong>necessaria</strong></span> <span class='ocrx_word' id='word_1_71' title='bbox 736 1361 823 1436; x_wconf 90' lang='lat' dir='ltr'><strong>sunt,</strong></span> <span class='ocrx_word' id='word_1_72' title='bbox 847 1362 880 1424; x_wconf 88' lang='lat' dir='ltr'><strong>et</strong></span> <span class='ocrx_word' id='word_1_73' title='bbox 901 1359 1034 1442; x_wconf 89' lang='lat' dir='ltr'><strong>praedae</strong></span> <span class='ocrx_word' id='word_1_74' title='bbox 1057 1361 1279 1435; x_wconf 69' lang='lat' dir='ltr'><strong>medietatem</strong></span> <span class='ocrx_word' id='word_1_75' title='bbox 1300 1363 1334 1425; x_wconf 90' lang='lat' dir='ltr'><strong>at</strong></span> <span class='ocrx_word' id='word_1_76' title='bbox 1350 1361 1407 1424; x_wconf 89' lang='lat' dir='ltr'><strong>tibi</strong></span> 
     </span>
     <span class='ocr_line' id='line_1_11' title="bbox 240 1462 1411 1547; baseline 0 -21"><span class='ocrx_word' id='word_1_77' title='bbox 240 1471 280 1528; x_wconf 92' lang='lat'><strong>10</strong></span> <span class='ocrx_word' id='word_1_78' title='bbox 297 1463 380 1547; x_wconf 91' lang='lat' dir='ltr'><strong>quod</strong></span> <span class='ocrx_word' id='word_1_79' title='bbox 403 1463 574 1528; x_wconf 87' lang='lat' dir='ltr'><strong>maximum</strong></span> <span class='ocrx_word' id='word_1_80' title='bbox 608 1462 869 1546; x_wconf 81' lang='lat' dir='ltr'><strong>praecipuumque</strong></span> <span class='ocrx_word' id='word_1_81' title='bbox 902 1483 1016 1528; x_wconf 91' lang='lat' dir='ltr'><strong>munus</strong></span> <span class='ocrx_word' id='word_1_82' title='bbox 1048 1465 1111 1540; x_wconf 86' lang='lat' dir='ltr'><strong>est,</strong></span> <span class='ocrx_word' id='word_1_83' title='bbox 1144 1481 1258 1545; x_wconf 90' lang='lat' dir='ltr'><strong>equum</strong></span> <span class='ocrx_word' id='word_1_84' title='bbox 1287 1462 1411 1544; x_wconf 85' lang='lat' dir='ltr'><strong>seilicet¹</strong></span> 
     </span>
     <span class='ocr_line' id='line_1_12' title="bbox 297 1565 1405 1650; baseline -0.005 -19"><span class='ocrx_word' id='word_1_85' title='bbox 297 1567 364 1632; x_wconf 90' lang='lat' dir='ltr'><strong>eius</strong></span> <span class='ocrx_word' id='word_1_86' title='bbox 386 1565 617 1648; x_wconf 79' lang='lat' dir='ltr'><strong>Bucephalum,</strong></span> <span class='ocrx_word' id='word_1_87' title='bbox 640 1584 703 1629; x_wconf 90' lang='lat' dir='ltr'><strong>una</strong></span> <span class='ocrx_word' id='word_1_88' title='bbox 726 1585 797 1630; x_wconf 89' lang='lat' dir='ltr'><strong>eum</strong></span> <span class='ocrx_word' id='word_1_89' title='bbox 813 1566 898 1630; x_wconf 92' lang='lat' dir='ltr'><strong>omni</strong></span> <span class='ocrx_word' id='word_1_90' title='bbox 914 1567 1001 1650; x_wconf 93' lang='lat' dir='ltr'><strong>regio</strong></span> <span class='ocrx_word' id='word_1_91' title='bbox 1017 1569 1159 1631; x_wconf 85' lang='lat' dir='ltr'><strong>ornatu.“</strong></span> <span class='ocrx_word' id='word_1_92' title='bbox 1182 1567 1287 1648; x_wconf 84' lang='grc'><strong>[3411.</strong></span> <span class='ocrx_word' id='word_1_93' title='bbox 1305 1573 1340 1628; x_wconf 88' lang='lat'><strong>31</strong></span> <span class='ocrx_word' id='word_1_94' title='bbox 1353 1566 1405 1646; x_wconf 78' lang='lat' dir='ltr'><strong>u]</strong></span> 
     </span>
     <span class='ocr_line' id='line_1_13' title="bbox 296 1667 1405 1752; baseline 0 -20"><span class='ocrx_word' id='word_1_95' title='bbox 296 1669 415 1734; x_wconf 90' lang='lat' dir='ltr'><strong>Verum</strong></span> <span class='ocrx_word' id='word_1_96' title='bbox 436 1670 515 1733; x_wconf 86' lang='lat' dir='ltr'><strong>haee</strong></span> <span class='ocrx_word' id='word_1_97' title='bbox 544 1688 742 1752; x_wconf 88' lang='lat' dir='ltr'><strong>nequaquam</strong></span> <span class='ocrx_word' id='word_1_98' title='bbox 769 1667 930 1734; x_wconf 88' lang='lat' dir='ltr'><strong>latuerunt</strong></span> <span class='ocrx_word' id='word_1_99' title='bbox 956 1668 1179 1734; x_wconf 84' lang='lat' dir='ltr'><strong>Alexandrum.</strong></span> <span class='ocrx_word' id='word_1_100' title='bbox 1222 1669 1405 1732; x_wconf 81' lang='lat' dir='ltr'><strong>Accelerat-</strong></span> 
     </span>
     <span class='ocr_line' id='line_1_14' title="bbox 296 1770 1403 1855; baseline -0.002 -18"><span class='ocrx_word' id='word_1_101' title='bbox 296 1791 356 1854; x_wconf 90' lang='lat' dir='ltr'><strong>que</strong></span> <span class='ocrx_word' id='word_1_102' title='bbox 377 1773 507 1836; x_wconf 88' lang='lat' dir='ltr'><strong>Darium</strong></span> <span class='ocrx_word' id='word_1_103' title='bbox 530 1771 727 1854; x_wconf 90' lang='lat' dir='ltr'><strong>praevenire,</strong></span> <span class='ocrx_word' id='word_1_104' title='bbox 751 1773 920 1854; x_wconf 90' lang='lat' dir='ltr'><strong>antequam</strong></span> <span class='ocrx_word' id='word_1_105' title='bbox 942 1772 974 1836; x_wconf 94' lang='lat' dir='ltr'><strong>in</strong></span> <span class='ocrx_word' id='word_1_106' title='bbox 990 1770 1241 1855; x_wconf 80' lang='lat' dir='ltr'><strong>Caspias&#39;portas</strong></span> <span class='ocrx_word' id='word_1_107' title='bbox 1261 1772 1403 1836; x_wconf 87' lang='lat' dir='ltr'><strong>intraret.</strong></span> 
     </span>
     <span class='ocr_line' id='line_1_15' title="bbox 382 1873 1404 1958; baseline -0.003 -17"><span class='ocrx_word' id='word_1_108' title='bbox 382 1873 439 1941; x_wconf 79' lang='grc'><strong>20.</strong></span> <span class='ocrx_word' id='word_1_109' title='bbox 484 1873 628 1940; x_wconf 86' lang='lat' dir='ltr'><strong>Aderant</strong></span> <span class='ocrx_word' id='word_1_110' title='bbox 648 1876 725 1939; x_wconf 88' lang='lat' dir='ltr'><strong>tune</strong></span> <span class='ocrx_word' id='word_1_111' title='bbox 739 1875 835 1939; x_wconf 88' lang='lat' dir='ltr'><strong>Dario</strong></span> <span class='ocrx_word' id='word_1_112' title='bbox 857 1875 921 1939; x_wconf 91' lang='lat' dir='ltr'><strong>iam</strong></span> <span class='ocrx_word' id='word_1_113' title='bbox 941 1876 1047 1958; x_wconf 81' lang='lat' dir='ltr'><strong>fugam</strong></span> <span class='ocrx_word' id='word_1_114' title='bbox 1064 1875 1207 1939; x_wconf 87' lang='lat' dir='ltr'><strong>molienti</strong></span> <span class='ocrx_word' id='word_1_115' title='bbox 1223 1874 1284 1939; x_wconf 90' lang='lat' dir='ltr'><strong>duo</strong></span> <span class='ocrx_word' id='word_1_116' title='bbox 1301 1878 1404 1938; x_wconf 89' lang='lat' dir='ltr'><strong>satra·</strong></span> 
     </span>
     <span class='ocr_line' id='line_1_16' title="bbox 238 1968 1403 2060; baseline -0.002 -18"><span class='ocrx_word' id='word_1_117' title='bbox 238 1985 277 2042; x_wconf 82' lang='lat'><strong>15</strong></span> <span class='ocrx_word' id='word_1_118' title='bbox 294 1996 370 2060; x_wconf 91' lang='lat' dir='ltr'><strong>pae,</strong></span> <span class='ocrx_word' id='word_1_119' title='bbox 393 1995 474 2042; x_wconf 92' lang='lat' dir='ltr'><strong>unus</strong></span> <span class='ocrx_word' id='word_1_120' title='bbox 496 1978 594 2042; x_wconf 82' lang='lat' dir='ltr'><strong>Besae</strong></span> <span class='ocrx_word' id='word_1_121' title='bbox 616 1968 758 2054; x_wconf 80' lang='lat' dir='ltr'><strong>n‘omine,</strong></span> <span class='ocrx_word' id='word_1_122' title='bbox 781 1977 861 2042; x_wconf 86' lang='lat' dir='ltr'><strong>alter</strong></span> <span class='ocrx_word' id='word_1_123' title='bbox 884 1977 1121 2042; x_wconf 82' lang='lat' dir='ltr'><strong>Ariobarzanes.</strong></span> <span class='ocrx_word' id='word_1_124' title='bbox 1167 1977 1210 2041; x_wconf 90' lang='lat' dir='ltr'><strong>Hi</strong></span> <span class='ocrx_word' id='word_1_125' title='bbox 1230 1996 1263 2042; x_wconf 90' lang='lat' dir='ltr'><strong>se</strong></span> <span class='ocrx_word' id='word_1_126' title='bbox 1282 1977 1313 2042; x_wconf 90' lang='lat' dir='ltr'><strong>in</strong></span> <span class='ocrx_word' id='word_1_127' title='bbox 1330 1996 1403 2060; x_wconf 90' lang='lat' dir='ltr'><strong>gra-</strong></span> 
     </span>
     <span class='ocr_line' id='line_1_17' title="bbox 293 2078 1402 2163; baseline -0.002 -18"><span class='ocrx_word' id='word_1_128' title='bbox 293 2081 372 2145; x_wconf 87' lang='lat' dir='ltr'><strong>tiam</strong></span> <span class='ocrx_word' id='word_1_129' title='bbox 387 2078 558 2144; x_wconf 90' lang='lat' dir='ltr'><strong>Alexandri</strong></span> <span class='ocrx_word' id='word_1_130' title='bbox 580 2079 750 2162; x_wconf 88' lang='lat' dir='ltr'><strong>plurimum</strong></span> <span class='ocrx_word' id='word_1_131' title='bbox 771 2079 934 2162; x_wconf 83' lang='lat' dir='ltr'><strong>provenire</strong></span> <span class='ocrx_word' id='word_1_132' title='bbox 956 2099 1047 2163; x_wconf 88' lang='lat' dir='ltr'><strong>posse</strong></span> <span class='ocrx_word' id='word_1_133' title='bbox 1066 2083 1228 2162; x_wconf 86' lang='lat' dir='ltr'><strong>putantes,</strong></span> <span class='ocrx_word' id='word_1_134' title='bbox 1259 2081 1285 2144; x_wconf 90' lang='lat' dir='ltr'><strong>si</strong></span> <span class='ocrx_word' id='word_1_135' title='bbox 1308 2079 1402 2144; x_wconf 88' lang='lat' dir='ltr'><strong>Dario</strong></span> 
     </span>
     <span class='ocr_line' id='line_1_18' title="bbox 294 2181 1403 2266; baseline -0.002 -18"><span class='ocrx_word' id='word_1_136' title='bbox 294 2203 404 2248; x_wconf 85' lang='lat' dir='ltr'><strong>necem</strong></span> <span class='ocrx_word' id='word_1_137' title='bbox 432 2181 630 2260; x_wconf 88' lang='lat' dir='ltr'><strong>intulissent,</strong></span> <span class='ocrx_word' id='word_1_138' title='bbox 668 2183 751 2247; x_wconf 90' lang='lat' dir='ltr'><strong>hune</strong></span> <span class='ocrx_word' id='word_1_139' title='bbox 778 2181 955 2247; x_wconf 88' lang='lat' dir='ltr'><strong>solitarium</strong></span> <span class='ocrx_word' id='word_1_140' title='bbox 984 2183 1164 2266; x_wconf 88' lang='lat' dir='ltr'><strong>opprimunt</strong></span> <span class='ocrx_word' id='word_1_141' title='bbox 1200 2201 1236 2247; x_wconf 88' lang='lat' dir='ltr'><strong>aa</strong></span> <span class='ocrx_word' id='word_1_142' title='bbox 1264 2182 1403 2247; x_wconf 84' lang='lat' dir='ltr'><strong>letaliter</strong></span> 
     </span>
     <span class='ocr_line' id='line_1_19' title="bbox 294 2285 1403 2369; baseline 0 -19"><span class='ocrx_word' id='word_1_143' title='bbox 294 2287 480 2364; x_wconf 88' lang='lat' dir='ltr'><strong>vulnerant,</strong></span> <span class='ocrx_word' id='word_1_144' title='bbox 517 2285 743 2369; x_wconf 87' lang='lat' dir='ltr'><strong>aufugiuntque</strong></span> <span class='ocrx_word' id='word_1_145' title='bbox 773 2285 870 2350; x_wconf 89' lang='lat' dir='ltr'><strong>donee</strong></span> <span class='ocrx_word' id='word_1_146' title='bbox 892 2285 1091 2350; x_wconf 85' lang='lat' dir='ltr'><strong>dinoscerent</strong></span> <span class='ocrx_word' id='word_1_147' title='bbox 1117 2304 1177 2368; x_wconf 88' lang='lat' dir='ltr'><strong>quo</strong></span> <span class='ocrx_word' id='word_1_148' title='bbox 1205 2303 1239 2350; x_wconf 89' lang='lat' dir='ltr'><strong>se</strong></span> <span class='ocrx_word' id='word_1_149' title='bbox 1262 2304 1312 2350; x_wconf 87' lang='lat' dir='ltr'><strong>res</strong></span> <span class='ocrx_word' id='word_1_150' title='bbox 1332 2305 1403 2350; x_wconf 85' lang='lat' dir='ltr'><strong>ver-</strong></span> 
     </span>
     <span class='ocr_line' id='line_1_20' title="bbox 293 2387 1402 2471; baseline -0.002 -17"><span class='ocrx_word' id='word_1_151' title='bbox 293 2391 386 2454; x_wconf 88' lang='lat' dir='ltr'><strong>teret.</strong></span> <span class='ocrx_word' id='word_1_152' title='bbox 431 2389 536 2470; x_wconf 81' lang='grc'><strong>[3511.</strong></span> <span class='ocrx_word' id='word_1_153' title='bbox 568 2389 670 2469; x_wconf 72' lang='grc'><strong>3213]</strong></span> <span class='ocrx_word' id='word_1_154' title='bbox 709 2387 888 2453; x_wconf 88' lang='lat' dir='ltr'><strong>Alexander</strong></span> <span class='ocrx_word' id='word_1_155' title='bbox 913 2405 988 2453; x_wconf 89' lang='lat' dir='ltr'><strong>vero</strong></span> <span class='ocrx_word' id='word_1_156' title='bbox 1020 2391 1148 2470; x_wconf 89' lang='lat' dir='ltr'><strong>repente</strong></span> <span class='ocrx_word' id='word_1_157' title='bbox 1182 2389 1402 2471; x_wconf 87' lang='lat' dir='ltr'><strong>superveniens</strong></span> 
     </span>
     <span class='ocr_line' id='line_1_21' title="bbox 235 2489 1402 2572; baseline -0.006 -11"><span class='ocrx_word' id='word_1_158' title='bbox 235 2504 277 2562; x_wconf 85' lang='lat'><strong>20</strong></span> <span class='ocrx_word' id='word_1_159' title='bbox 295 2511 331 2556; x_wconf 90' lang='lat' dir='ltr'><strong>eo</strong></span> <span class='ocrx_word' id='word_1_160' title='bbox 361 2491 414 2557; x_wconf 91' lang='lat' dir='ltr'><strong>ubi</strong></span> <span class='ocrx_word' id='word_1_161' title='bbox 443 2490 575 2556; x_wconf 92' lang='lat' dir='ltr'><strong>Darium</strong></span> <span class='ocrx_word' id='word_1_162' title='bbox 604 2490 763 2554; x_wconf 83' lang='lat' dir='ltr'><strong>observari</strong></span> <span class='ocrx_word' id='word_1_163' title='bbox 800 2493 1008 2572; x_wconf 78' lang='lat' dir='ltr'><strong>compererat,</strong></span> <span class='ocrx_word' id='word_1_164' title='bbox 1045 2489 1174 2556; x_wconf 83' lang='lat' dir='ltr'><strong>offendit</strong></span> <span class='ocrx_word' id='word_1_165' title='bbox 1203 2509 1276 2556; x_wconf 89' lang='lat' dir='ltr'><strong>eum</strong></span> <span class='ocrx_word' id='word_1_166' title='bbox 1300 2492 1402 2556; x_wconf 87' lang='lat' dir='ltr'><strong>adhue</strong></span> 
     </span>
     <span class='ocr_line' id='line_1_22' title="bbox 293 2592 1401 2677; baseline -0.001 -18"><span class='ocrx_word' id='word_1_167' title='bbox 293 2596 465 2677; x_wconf 89' lang='lat' dir='ltr'><strong>spirantem</strong></span> <span class='ocrx_word' id='word_1_168' title='bbox 491 2613 528 2659; x_wconf 87' lang='lat' dir='ltr'><strong>ao</strong></span> <span class='ocrx_word' id='word_1_169' title='bbox 551 2592 771 2657; x_wconf 87' lang='lat' dir='ltr'><strong>miserabiliter</strong></span> <span class='ocrx_word' id='word_1_170' title='bbox 793 2593 1007 2671; x_wconf 86' lang='lat' dir='ltr'><strong>uulneratum,</strong></span> <span class='ocrx_word' id='word_1_171' title='bbox 1046 2593 1127 2677; x_wconf 90' lang='lat' dir='ltr'><strong>quod</strong></span> <span class='ocrx_word' id='word_1_172' title='bbox 1156 2593 1204 2658; x_wconf 89' lang='lat' dir='ltr'><strong>illi</strong></span> <span class='ocrx_word' id='word_1_173' title='bbox 1225 2594 1312 2660; x_wconf 89' lang='lat' dir='ltr'><strong>ultra</strong></span> <span class='ocrx_word' id='word_1_174' title='bbox 1333 2594 1401 2676; x_wconf 91' lang='lat' dir='ltr'><strong>opi-</strong></span> 
     </span>
     <span class='ocr_line' id='line_1_23' title="bbox 292 2695 1401 2779; baseline 0.001 -20"><span class='ocrx_word' id='word_1_175' title='bbox 292 2695 417 2761; x_wconf 90' lang='lat' dir='ltr'><strong>nionem</strong></span> <span class='ocrx_word' id='word_1_176' title='bbox 439 2695 617 2760; x_wconf 84' lang='lat' dir='ltr'><strong>luetuosum</strong></span> <span class='ocrx_word' id='word_1_177' title='bbox 639 2695 707 2761; x_wconf 87' lang='lat' dir='ltr'><strong>fuit.</strong></span> <span class='ocrx_word' id='word_1_178' title='bbox 743 2696 846 2776; x_wconf 87' lang='lat' dir='ltr'><strong>[36M.</strong></span> <span class='ocrx_word' id='word_1_179' title='bbox 869 2703 908 2759; x_wconf 89' lang='lat'><strong>33</strong></span> <span class='ocrx_word' id='word_1_180' title='bbox 919 2697 968 2778; x_wconf 77' lang='lat' dir='ltr'><strong>u]</strong></span> <span class='ocrx_word' id='word_1_181' title='bbox 1001 2697 1130 2779; x_wconf 91' lang='lat' dir='ltr'><strong>Iamque</strong></span> <span class='ocrx_word' id='word_1_182' title='bbox 1152 2697 1267 2762; x_wconf 92' lang='lat' dir='ltr'><strong>Darius</strong></span> <span class='ocrx_word' id='word_1_183' title='bbox 1290 2715 1401 2760; x_wconf 90' lang='lat' dir='ltr'><strong>exsan-</strong></span> 
     </span>
     <span class='ocr_line' id='line_1_24' title="bbox 292 2797 1400 2882; baseline 0.002 -21"><span class='ocrx_word' id='word_1_184' title='bbox 292 2797 345 2881; x_wconf 86' lang='lat' dir='ltr'><strong>gui</strong></span> <span class='ocrx_word' id='word_1_185' title='bbox 379 2816 523 2880; x_wconf 85' lang='lat' dir='ltr'><strong>corpore,</strong></span> <span class='ocrx_word' id='word_1_186' title='bbox 558 2817 631 2862; x_wconf 88' lang='lat' dir='ltr'><strong>eum</strong></span> <span class='ocrx_word' id='word_1_187' title='bbox 657 2797 765 2880; x_wconf 91' lang='lat' dir='ltr'><strong>utique</strong></span> <span class='ocrx_word' id='word_1_188' title='bbox 797 2817 873 2863; x_wconf 84' lang='lat' dir='ltr'><strong>voee</strong></span> <span class='ocrx_word' id='word_1_189' title='bbox 905 2798 1066 2876; x_wconf 83' lang='lat' dir='ltr'><strong>deficeret,</strong></span> <span class='ocrx_word' id='word_1_190' title='bbox 1103 2818 1214 2864; x_wconf 90' lang='lat' dir='ltr'><strong>manus</strong></span> <span class='ocrx_word' id='word_1_191' title='bbox 1245 2799 1400 2882; x_wconf 77' lang='lat' dir='ltr'><strong>supplices</strong></span> 
     </span>
    </p>
   </div>
   <div class='ocr_carea' id='block_1_3' title="bbox 285 2989 1400 4432">
    <p class='ocr_par' dir='ltr' id='par_1_3' title="bbox 291 2989 1400 3130">
     <span class='ocr_line' id='line_1_25' title="bbox 378 2989 1400 3060; baseline 0.003 -17"><span class='ocrx_word' id='word_1_192' title='bbox 378 2991 402 3043; x_wconf 93' lang='lat'><strong>1.</strong></span> <span class='ocrx_word' id='word_1_193' title='bbox 420 3005 524 3058; x_wconf 88' lang='lat' dir='ltr'><strong>quoque</strong></span> <span class='ocrx_word' id='word_1_194' title='bbox 540 2989 608 3055; x_wconf 77' lang='lat' dir='ltr'><strong>sebit</strong></span> <span class='ocrx_word' id='word_1_195' title='bbox 626 2990 660 3043; x_wconf 91' lang='lat' dir='ltr'><strong>H.</strong></span> <span class='ocrx_word' id='word_1_196' title='bbox 686 3005 789 3060; x_wconf 88' lang='lat' dir='ltr'><strong>quoque</strong></span> <span class='ocrx_word' id='word_1_197' title='bbox 808 2993 836 3044; x_wconf 87' lang='lat' dir='ltr'><strong>et</strong></span> <span class='ocrx_word' id='word_1_198' title='bbox 852 2989 990 3044; x_wconf 85' lang='lat' dir='ltr'><strong>Medorum</strong></span> <span class='ocrx_word' id='word_1_199' title='bbox 1006 2991 1074 3057; x_wconf 72' lang='lat' dir='ltr'><strong>sebit</strong></span> <span class='ocrx_word' id='word_1_200' title='bbox 1090 2993 1122 3045; x_wconf 93' lang='lat' dir='ltr'><strong>D.</strong></span> <span class='ocrx_word' id='word_1_201' title='bbox 1193 2991 1218 3044; x_wconf 92' lang='grc'><strong>2.</strong></span> <span class='ocrx_word' id='word_1_202' title='bbox 1236 2992 1349 3046; x_wconf 81' lang='lat' dir='ltr'><strong>aliarum</strong></span> <span class='ocrx_word' id='word_1_203' title='bbox 1366 2991 1400 3046; x_wconf 62' lang='lat' dir='ltr'><strong>R,</strong></span> 
     </span>
     <span class='ocr_line' id='line_1_26' title="bbox 291 3075 790 3130; baseline 0.004 -2"><span class='ocrx_word' id='word_1_204' title='bbox 291 3077 319 3128; x_wconf 87' lang='lat' dir='ltr'><strong>et</strong></span> <span class='ocrx_word' id='word_1_205' title='bbox 336 3075 449 3130; x_wconf 88' lang='lat' dir='ltr'><strong>aliarum</strong></span> <span class='ocrx_word' id='word_1_206' title='bbox 467 3077 500 3130; x_wconf 92' lang='lat' dir='ltr'><strong>D.</strong></span> <span class='ocrx_word' id='word_1_207' title='bbox 571 3075 713 3130; x_wconf 76' lang='lat' dir='ltr'><strong>macedam</strong></span> <span class='ocrx_word' id='word_1_208' title='bbox 731 3076 790 3130; x_wconf 86' lang='lat' dir='ltr'><strong>HR.</strong></span> 
     </span>
    </p>

    <p class='ocr_par' dir='ltr' id='par_1_4' title="bbox 287 3160 1397 3731">
     <span class='ocr_line' id='line_1_27' title="bbox 377 3160 1397 3230; baseline -0.003 -15"><span class='ocrx_word' id='word_1_209' title='bbox 377 3162 423 3216; x_wconf 82' lang='grc'><strong>10.</strong></span> <span class='ocrx_word' id='word_1_210' title='bbox 458 3163 484 3217; x_wconf 90' lang='grc'><strong>3.</strong></span> <span class='ocrx_word' id='word_1_211' title='bbox 501 3173 533 3216; x_wconf 87' lang='lat' dir='ltr'><strong>eu</strong></span> <span class='ocrx_word' id='word_1_212' title='bbox 551 3161 693 3216; x_wconf 83' lang='lat' dir='ltr'><strong>alexander</strong></span> <span class='ocrx_word' id='word_1_213' title='bbox 712 3163 747 3214; x_wconf 88' lang='grc' dir='ltr'><strong>Η.</strong></span> <span class='ocrx_word' id='word_1_214' title='bbox 834 3161 861 3215; x_wconf 81' lang='grc'><strong>4.</strong></span> <span class='ocrx_word' id='word_1_215' title='bbox 880 3162 1002 3230; x_wconf 86' lang='lat' dir='ltr'><strong>protinus</strong></span> <span class='ocrx_word' id='word_1_216' title='bbox 1019 3161 1109 3215; x_wconf 84' lang='lat' dir='ltr'><strong>darius</strong></span> <span class='ocrx_word' id='word_1_217' title='bbox 1129 3161 1160 3215; x_wconf 91' lang='lat' dir='ltr'><strong>B.</strong></span> <span class='ocrx_word' id='word_1_218' title='bbox 1247 3161 1319 3228; x_wconf 87' lang='lat' dir='ltr'><strong>regis</strong></span> <span class='ocrx_word' id='word_1_219' title='bbox 1340 3160 1397 3213; x_wconf 86' lang='lat' dir='ltr'><strong>HL.</strong></span> 
     </span>
     <span class='ocr_line' id='line_1_28' title="bbox 290 3246 1397 3318; baseline -0.002 -18"><span class='ocrx_word' id='word_1_220' title='bbox 290 3248 348 3314; x_wconf 87' lang='lat' dir='ltr'><strong>regi</strong></span> <span class='ocrx_word' id='word_1_221' title='bbox 358 3247 430 3318; x_wconf 71' lang='lat' dir='ltr'><strong>indie</strong></span> <span class='ocrx_word' id='word_1_222' title='bbox 446 3248 480 3301; x_wconf 94' lang='lat' dir='ltr'><strong>D.</strong></span> <span class='ocrx_word' id='word_1_223' title='bbox 538 3249 564 3302; x_wconf 87' lang='grc'><strong>5.</strong></span> <span class='ocrx_word' id='word_1_224' title='bbox 579 3249 652 3304; x_wconf 63' lang='grc' dir='ltr'><strong>ΔΕΑ</strong></span> <span class='ocrx_word' id='word_1_225' title='bbox 670 3263 747 3302; x_wconf 74' lang='lat' dir='ltr'><strong>naun</strong></span> <span class='ocrx_word' id='word_1_226' title='bbox 763 3265 801 3302; x_wconf 78' lang='lat' dir='ltr'><strong>an</strong></span> <span class='ocrx_word' id='word_1_227' title='bbox 818 3253 896 3303; x_wconf 60' lang='lat' dir='ltr'><strong>uon?</strong></span> <span class='ocrx_word' id='word_1_228' title='bbox 908 3254 1020 3304; x_wconf 80' lang='lat' dir='ltr'><strong>muoa&#39;v‘</strong></span> <span class='ocrx_word' id='word_1_229' title='bbox 1034 3255 1113 3303; x_wconf 64' lang='lat' dir='ltr'><strong>anei*</strong></span> <span class='ocrx_word' id='word_1_230' title='bbox 1128 3263 1183 3303; x_wconf 80' lang='lat' dir='ltr'><strong>noe</strong></span> <span class='ocrx_word' id='word_1_231' title='bbox 1195 3263 1353 3302; x_wconf 75' lang='lat' dir='ltr'><strong>uxamam</strong></span> <span class='ocrx_word' id='word_1_232' title='bbox 1366 3246 1397 3300; x_wconf 80' lang='grc'><strong>1..</strong></span> 
     </span>
     <span class='ocr_line' id='line_1_29' title="bbox 290 3331 1395 3404; baseline -0.002 -19"><span class='ocrx_word' id='word_1_233' title='bbox 290 3331 329 3385; x_wconf 84' lang='lat' dir='ltr'><strong>Mi</strong></span> <span class='ocrx_word' id='word_1_234' title='bbox 347 3349 427 3400; x_wconf 89' lang='lat' dir='ltr'><strong>epure</strong></span> <span class='ocrx_word' id='word_1_235' title='bbox 444 3333 476 3386; x_wconf 92' lang='lat' dir='ltr'><strong>B.</strong></span> <span class='ocrx_word' id='word_1_236' title='bbox 563 3337 595 3388; x_wconf 88' lang='lat' dir='ltr'><strong>ut</strong></span> <span class='ocrx_word' id='word_1_237' title='bbox 609 3338 704 3404; x_wconf 88' lang='lat' dir='ltr'><strong>gentes</strong></span> <span class='ocrx_word' id='word_1_238' title='bbox 722 3335 822 3389; x_wconf 87' lang='lat' dir='ltr'><strong>multas</strong></span> <span class='ocrx_word' id='word_1_239' title='bbox 840 3336 873 3388; x_wconf 89' lang='lat' dir='ltr'><strong>D.</strong></span> <span class='ocrx_word' id='word_1_240' title='bbox 961 3339 986 3392; x_wconf 90' lang='grc'><strong>6.</strong></span> <span class='ocrx_word' id='word_1_241' title='bbox 1008 3335 1043 3389; x_wconf 86' lang='lat' dir='ltr'><strong>ad</strong></span> <span class='ocrx_word' id='word_1_242' title='bbox 1059 3335 1126 3400; x_wconf 78' lang='lat' dir='ltr'><strong>sebit</strong></span> <span class='ocrx_word' id='word_1_243' title='bbox 1141 3335 1175 3388; x_wconf 95' lang='lat' dir='ltr'><strong>D.</strong></span> <span class='ocrx_word' id='word_1_244' title='bbox 1254 3349 1349 3390; x_wconf 83' lang='lat' dir='ltr'><strong>uersus</strong></span> <span class='ocrx_word' id='word_1_245' title='bbox 1360 3335 1395 3384; x_wconf 92' lang='lat' dir='ltr'><strong>H.</strong></span> 
     </span>
     <span class='ocr_line' id='line_1_30' title="bbox 290 3417 1395 3486; baseline 0.001 -16"><span class='ocrx_word' id='word_1_246' title='bbox 290 3417 361 3471; x_wconf 75' lang='lat' dir='ltr'><strong>Hier</strong></span> <span class='ocrx_word' id='word_1_247' title='bbox 390 3418 449 3472; x_wconf 74' lang='lat' dir='ltr'><strong>tn&#39;tt</strong></span> <span class='ocrx_word' id='word_1_248' title='bbox 477 3417 520 3472; x_wconf 79' lang='lat' dir='ltr'><strong>die</strong></span> <span class='ocrx_word' id='word_1_249' title='bbox 548 3419 709 3473; x_wconf 73' lang='lat' dir='ltr'><strong>Maildader</strong></span> <span class='ocrx_word' id='word_1_250' title='bbox 737 3419 910 3486; x_wconf 64' lang='lat' dir='ltr'><strong>bondadarm</strong></span> <span class='ocrx_word' id='word_1_251' title='bbox 943 3419 989 3474; x_wconf 80' lang='lat' dir='ltr'><strong>das</strong></span> <span class='ocrx_word' id='word_1_252' title='bbox 1018 3421 1046 3473; x_wconf 92' lang='lat' dir='ltr'><strong>I.</strong></span> <span class='ocrx_word' id='word_1_253' title='bbox 1075 3421 1201 3474; x_wconf 64' lang='lat' dir='ltr'><strong>Vaesana</strong></span> <span class='ocrx_word' id='word_1_254' title='bbox 1231 3419 1315 3474; x_wconf 80' lang='lat' dir='ltr'><strong>wider</strong></span> <span class='ocrx_word' id='word_1_255' title='bbox 1343 3419 1395 3472; x_wconf 72' lang='lat' dir='ltr'><strong>aba</strong></span> 
     </span>
     <span class='ocr_line' id='line_1_31' title="bbox 289 3502 1397 3574; baseline 0.001 -17"><span class='ocrx_word' id='word_1_256' title='bbox 289 3504 314 3556; x_wconf 85' lang='grc'><strong>7.</strong></span> <span class='ocrx_word' id='word_1_257' title='bbox 332 3502 383 3557; x_wconf 89' lang='lat' dir='ltr'><strong>tibi</strong></span> <span class='ocrx_word' id='word_1_258' title='bbox 401 3503 557 3574; x_wconf 80' lang='lat' dir='ltr'><strong>condignus.</strong></span> <span class='ocrx_word' id='word_1_259' title='bbox 575 3506 609 3558; x_wconf 94' lang='lat' dir='ltr'><strong>D.</strong></span> <span class='ocrx_word' id='word_1_260' title='bbox 691 3505 716 3558; x_wconf 91' lang='lat'><strong>8.</strong></span> <span class='ocrx_word' id='word_1_261' title='bbox 736 3520 830 3558; x_wconf 89' lang='lat' dir='ltr'><strong>aureos</strong></span> <span class='ocrx_word' id='word_1_262' title='bbox 848 3513 916 3558; x_wconf 75' lang='lat' dir='ltr'><strong>m10&#39;</strong></span> <span class='ocrx_word' id='word_1_263' title='bbox 931 3506 964 3558; x_wconf 94' lang='lat' dir='ltr'><strong>D.</strong></span> <span class='ocrx_word' id='word_1_264' title='bbox 1052 3505 1078 3558; x_wconf 88' lang='grc'><strong>0.</strong></span> <span class='ocrx_word' id='word_1_265' title='bbox 1097 3507 1126 3560; x_wconf 90' lang='lat' dir='ltr'><strong>in</strong></span> <span class='ocrx_word' id='word_1_266' title='bbox 1143 3506 1211 3572; x_wconf 79' lang='lat' dir='ltr'><strong>febll</strong></span> <span class='ocrx_word' id='word_1_267' title='bbox 1222 3505 1254 3560; x_wconf 89' lang='lat' dir='ltr'><strong>A.</strong></span> <span class='ocrx_word' id='word_1_268' title='bbox 1332 3508 1397 3558; x_wconf 84' lang='lat' dir='ltr'><strong>sunt</strong></span> 
     </span>
     <span class='ocr_line' id='line_1_32' title="bbox 287 3589 1394 3660; baseline 0.001 -17"><span class='ocrx_word' id='word_1_269' title='bbox 287 3591 438 3644; x_wconf 85' lang='lat' dir='ltr'><strong>necessaria</strong></span> <span class='ocrx_word' id='word_1_270' title='bbox 456 3591 488 3644; x_wconf 94' lang='lat' dir='ltr'><strong>D.</strong></span> <span class='ocrx_word' id='word_1_271' title='bbox 579 3591 620 3644; x_wconf 93' lang='grc'><strong>10.</strong></span> <span class='ocrx_word' id='word_1_272' title='bbox 639 3607 767 3660; x_wconf 87' lang='lat' dir='ltr'><strong>magnam</strong></span> <span class='ocrx_word' id='word_1_273' title='bbox 782 3589 814 3644; x_wconf 92' lang='lat' dir='ltr'><strong>A.</strong></span> <span class='ocrx_word' id='word_1_274' title='bbox 904 3591 1102 3660; x_wconf 79' lang='lat' dir='ltr'><strong>preciosumque</strong></span> <span class='ocrx_word' id='word_1_275' title='bbox 1121 3592 1155 3645; x_wconf 91' lang='lat' dir='ltr'><strong>D.</strong></span> <span class='ocrx_word' id='word_1_276' title='bbox 1256 3593 1297 3645; x_wconf 93' lang='grc'><strong>11.</strong></span> <span class='ocrx_word' id='word_1_277' title='bbox 1318 3591 1394 3646; x_wconf 87' lang='lat' dir='ltr'><strong>baee-</strong></span> 
     </span>
     <span class='ocr_line' id='line_1_33' title="bbox 287 3675 998 3731; baseline 0.001 -2"><span class='ocrx_word' id='word_1_278' title='bbox 287 3676 370 3730; x_wconf 81' lang='lat' dir='ltr'><strong>falum</strong></span> <span class='ocrx_word' id='word_1_279' title='bbox 389 3675 489 3730; x_wconf 82' lang='lat' dir='ltr'><strong>LABE.</strong></span> <span class='ocrx_word' id='word_1_280' title='bbox 577 3691 638 3731; x_wconf 86' lang='lat' dir='ltr'><strong>enm</strong></span> <span class='ocrx_word' id='word_1_281' title='bbox 653 3677 726 3730; x_wconf 91' lang='lat' dir='ltr'><strong>omni</strong></span> <span class='ocrx_word' id='word_1_282' title='bbox 744 3676 801 3730; x_wconf 88' lang='lat' dir='ltr'><strong>eius</strong></span> <span class='ocrx_word' id='word_1_283' title='bbox 820 3675 945 3731; x_wconf 89' lang='lat' dir='ltr'><strong>hornatn.</strong></span> <span class='ocrx_word' id='word_1_284' title='bbox 964 3677 998 3730; x_wconf 92' lang='lat' dir='ltr'><strong>D.</strong></span> 
     </span>
    </p>

    <p class='ocr_par' dir='ltr' id='par_1_5' title="bbox 285 3761 1394 4432">
     <span class='ocr_line' id='line_1_34' title="bbox 331 3761 1394 3832; baseline 0 -16"><span class='ocrx_word' id='word_1_285' title='bbox 331 3817 335 3824; x_wconf 68' lang='grc'><strong>,</strong></span> <span class='ocrx_word' id='word_1_286' title='bbox 375 3761 484 3818; x_wconf 78' lang='grc'><strong>2014.</strong></span> <span class='ocrx_word' id='word_1_287' title='bbox 504 3761 596 3831; x_wconf 81' lang='lat' dir='ltr'><strong>lugam</strong></span> <span class='ocrx_word' id='word_1_288' title='bbox 614 3763 776 3818; x_wconf 84' lang='lat' dir='ltr'><strong>meditantes</strong></span> <span class='ocrx_word' id='word_1_289' title='bbox 794 3764 828 3816; x_wconf 92' lang='lat' dir='ltr'><strong>D.</strong></span> <span class='ocrx_word' id='word_1_290' title='bbox 863 3761 983 3817; x_wconf 88' lang='lat' dir='ltr'><strong>Aderant</strong></span> <span class='ocrx_word' id='word_1_291' title='bbox 1001 3777 1115 3830; x_wconf 86' lang='lat' dir='ltr'><strong>namque</strong></span> <span class='ocrx_word' id='word_1_292' title='bbox 1133 3761 1185 3816; x_wconf 89' lang='lat' dir='ltr'><strong>due</strong></span> <span class='ocrx_word' id='word_1_293' title='bbox 1208 3765 1315 3832; x_wconf 70' lang='lat' dir='ltr'><strong>samape</strong></span> <span class='ocrx_word' id='word_1_294' title='bbox 1338 3779 1394 3816; x_wconf 89' lang='lat' dir='ltr'><strong>mo·</strong></span> 
     </span>
     <span class='ocr_line' id='line_1_35' title="bbox 286 3846 1393 3918; baseline 0.002 -19"><span class='ocrx_word' id='word_1_295' title='bbox 286 3847 365 3900; x_wconf 85' lang='lat' dir='ltr'><strong>lienti</strong></span> <span class='ocrx_word' id='word_1_296' title='bbox 382 3847 475 3918; x_wconf 83' lang='lat' dir='ltr'><strong>lugam</strong></span> <span class='ocrx_word' id='word_1_297' title='bbox 495 3848 579 3903; x_wconf 77' lang='lat' dir='ltr'><strong>darie</strong></span> <span class='ocrx_word' id='word_1_298' title='bbox 606 3851 640 3907; x_wconf 92' lang='lat' dir='ltr'><strong>H.</strong></span> <span class='ocrx_word' id='word_1_299' title='bbox 747 3850 788 3904; x_wconf 89' lang='lat'><strong>15.</strong></span> <span class='ocrx_word' id='word_1_300' title='bbox 807 3849 886 3903; x_wconf 83' lang='lat' dir='ltr'><strong>beses</strong></span> <span class='ocrx_word' id='word_1_301' title='bbox 904 3849 1052 3902; x_wconf 81' lang='lat' dir='ltr'><strong>HABldVb.</strong></span> <span class='ocrx_word' id='word_1_302' title='bbox 1095 3846 1175 3902; x_wconf 82' lang='lat' dir='ltr'><strong>basaa</strong></span> <span class='ocrx_word' id='word_1_303' title='bbox 1193 3849 1224 3902; x_wconf 83' lang='lat' dir='ltr'><strong>L.</strong></span> <span class='ocrx_word' id='word_1_304' title='bbox 1263 3849 1342 3904; x_wconf 89' lang='lat' dir='ltr'><strong>bases</strong></span> <span class='ocrx_word' id='word_1_305' title='bbox 1360 3849 1393 3902; x_wconf 92' lang='lat' dir='ltr'><strong>D.</strong></span> 
     </span>
     <span class='ocr_line' id='line_1_36' title="bbox 287 3931 1393 3988; baseline 0 -2"><span class='ocrx_word' id='word_1_306' title='bbox 287 3931 472 3986; x_wconf 75' lang='lat' dir='ltr'><strong>ariobarzanes</strong></span> <span class='ocrx_word' id='word_1_307' title='bbox 492 3933 523 3988; x_wconf 90' lang='lat' dir='ltr'><strong>A.</strong></span> <span class='ocrx_word' id='word_1_308' title='bbox 559 3934 628 3988; x_wconf 87' lang='lat' dir='ltr'><strong>alter</strong></span> <span class='ocrx_word' id='word_1_309' title='bbox 645 3949 709 3988; x_wconf 88' lang='lat' dir='ltr'><strong>uero</strong></span> <span class='ocrx_word' id='word_1_310' title='bbox 728 3933 912 3988; x_wconf 85' lang='lat' dir='ltr'><strong>arebaraanes.</strong></span> <span class='ocrx_word' id='word_1_311' title='bbox 931 3935 964 3987; x_wconf 92' lang='lat' dir='ltr'><strong>D.</strong></span> <span class='ocrx_word' id='word_1_312' title='bbox 1062 3933 1099 3988; x_wconf 84' lang='lat' dir='ltr'><strong>Hi</strong></span> <span class='ocrx_word' id='word_1_313' title='bbox 1116 3933 1169 3988; x_wconf 86' lang='lat' dir='ltr'><strong>sibi</strong></span> <span class='ocrx_word' id='word_1_314' title='bbox 1187 3934 1222 3988; x_wconf 91' lang='lat' dir='ltr'><strong>H.</strong></span> <span class='ocrx_word' id='word_1_315' title='bbox 1257 3934 1304 3988; x_wconf 91' lang='lat' dir='ltr'><strong>Hii</strong></span> <span class='ocrx_word' id='word_1_316' title='bbox 1323 3935 1393 3988; x_wconf 89' lang='lat' dir='ltr'><strong>enim</strong></span> 
     </span>
     <span class='ocr_line' id='line_1_37' title="bbox 287 4017 1392 4090; baseline -0.001 -17"><span class='ocrx_word' id='word_1_317' title='bbox 287 4019 315 4073; x_wconf 89' lang='lat' dir='ltr'><strong>in</strong></span> <span class='ocrx_word' id='word_1_318' title='bbox 334 4017 412 4087; x_wconf 74' lang='lat' dir='ltr'><strong>gram</strong></span> <span class='ocrx_word' id='word_1_319' title='bbox 429 4021 463 4073; x_wconf 94' lang='lat' dir='ltr'><strong>D.</strong></span> <span class='ocrx_word' id='word_1_320' title='bbox 535 4021 576 4073; x_wconf 89' lang='grc'><strong>16.</strong></span> <span class='ocrx_word' id='word_1_321' title='bbox 597 4035 675 4087; x_wconf 89' lang='lat' dir='ltr'><strong>posse</strong></span> <span class='ocrx_word' id='word_1_322' title='bbox 692 4019 760 4085; x_wconf 78' lang='lat' dir='ltr'><strong>sebit</strong></span> <span class='ocrx_word' id='word_1_323' title='bbox 777 4021 810 4074; x_wconf 93' lang='lat' dir='ltr'><strong>D.</strong></span> <span class='ocrx_word' id='word_1_324' title='bbox 845 4019 978 4088; x_wconf 82' lang='lat' dir='ltr'><strong>putabant</strong></span> <span class='ocrx_word' id='word_1_325' title='bbox 995 4020 1029 4073; x_wconf 92' lang='lat' dir='ltr'><strong>D.</strong></span> <span class='ocrx_word' id='word_1_326' title='bbox 1112 4021 1153 4074; x_wconf 82' lang='grc'><strong>17.</strong></span> <span class='ocrx_word' id='word_1_327' title='bbox 1167 4020 1244 4074; x_wconf 87' lang='lat' dir='ltr'><strong>Hune</strong></span> <span class='ocrx_word' id='word_1_328' title='bbox 1255 4021 1346 4090; x_wconf 85' lang='lat' dir='ltr'><strong>itaque</strong></span> <span class='ocrx_word' id='word_1_329' title='bbox 1359 4021 1392 4073; x_wconf 94' lang='lat' dir='ltr'><strong>D.</strong></span> 
     </span>
     <span class='ocr_line' id='line_1_38' title="bbox 287 4103 1393 4174; baseline 0.001 -16"><span class='ocrx_word' id='word_1_330' title='bbox 287 4103 422 4158; x_wconf 86' lang='lat' dir='ltr'><strong>loetaliter</strong></span> <span class='ocrx_word' id='word_1_331' title='bbox 441 4105 493 4158; x_wconf 84' lang='lat' dir='ltr'><strong>LE.</strong></span> <span class='ocrx_word' id='word_1_332' title='bbox 528 4104 625 4158; x_wconf 86' lang='lat' dir='ltr'><strong>leniter</strong></span> <span class='ocrx_word' id='word_1_333' title='bbox 642 4105 676 4158; x_wconf 93' lang='lat' dir='ltr'><strong>D.</strong></span> <span class='ocrx_word' id='word_1_334' title='bbox 784 4105 825 4158; x_wconf 92' lang='lat'><strong>18.</strong></span> <span class='ocrx_word' id='word_1_335' title='bbox 849 4104 916 4159; x_wconf 89' lang='lat' dir='ltr'><strong>haut</strong></span> <span class='ocrx_word' id='word_1_336' title='bbox 938 4105 1100 4174; x_wconf 61' lang='grc'><strong>1131111111</strong></span> <span class='ocrx_word' id='word_1_337' title='bbox 1119 4104 1152 4158; x_wconf 91' lang='lat' dir='ltr'><strong>A.</strong></span> <span class='ocrx_word' id='word_1_338' title='bbox 1259 4121 1311 4174; x_wconf 90' lang='lat' dir='ltr'><strong>quo</strong></span> <span class='ocrx_word' id='word_1_339' title='bbox 1336 4122 1393 4159; x_wconf 89' lang='lat' dir='ltr'><strong>sors</strong></span> 
     </span>
     <span class='ocr_line' id='line_1_39' title="bbox 288 4187 1391 4259; baseline -0.001 -15"><span class='ocrx_word' id='word_1_340' title='bbox 288 4193 413 4246; x_wconf 89' lang='lat' dir='ltr'><strong>uerteret.</strong></span> <span class='ocrx_word' id='word_1_341' title='bbox 434 4190 467 4243; x_wconf 93' lang='lat' dir='ltr'><strong>D.</strong></span> <span class='ocrx_word' id='word_1_342' title='bbox 522 4191 563 4246; x_wconf 85' lang='grc'><strong>19.</strong></span> <span class='ocrx_word' id='word_1_343' title='bbox 583 4206 644 4244; x_wconf 87' lang='lat' dir='ltr'><strong>vero</strong></span> <span class='ocrx_word' id='word_1_344' title='bbox 660 4191 728 4256; x_wconf 82' lang='lat' dir='ltr'><strong>feblt</strong></span> <span class='ocrx_word' id='word_1_345' title='bbox 738 4191 771 4245; x_wconf 88' lang='lat' dir='ltr'><strong>A.</strong></span> <span class='ocrx_word' id='word_1_346' title='bbox 789 4193 899 4259; x_wconf 85' lang='lat' dir='ltr'><strong>repente</strong></span> <span class='ocrx_word' id='word_1_347' title='bbox 910 4190 977 4257; x_wconf 78' lang='lat' dir='ltr'><strong>sebit</strong></span> <span class='ocrx_word' id='word_1_348' title='bbox 987 4192 1021 4246; x_wconf 93' lang='lat' dir='ltr'><strong>D.</strong></span> <span class='ocrx_word' id='word_1_349' title='bbox 1076 4191 1119 4246; x_wconf 87' lang='grc'><strong>20.</strong></span> <span class='ocrx_word' id='word_1_350' title='bbox 1135 4189 1271 4246; x_wconf 85' lang='lat' dir='ltr'><strong>obseruari</strong></span> <span class='ocrx_word' id='word_1_351' title='bbox 1281 4187 1350 4258; x_wconf 77' lang='lat' dir='ltr'><strong>sebit</strong></span> <span class='ocrx_word' id='word_1_352' title='bbox 1362 4191 1391 4244; x_wconf 85' lang='lat' dir='ltr'><strong>u.</strong></span> 
     </span>
     <span class='ocr_line' id='line_1_40' title="bbox 286 4274 1391 4350; baseline -0.002 -20"><span class='ocrx_word' id='word_1_353' title='bbox 286 4275 422 4332; x_wconf 86' lang='lat' dir='ltr'><strong>obversari</strong></span> <span class='ocrx_word' id='word_1_354' title='bbox 434 4274 499 4329; x_wconf 80' lang='lat' dir='ltr'><strong>Mai</strong></span> <span class='ocrx_word' id='word_1_355' title='bbox 508 4274 550 4328; x_wconf 75' lang='lat' dir='ltr'><strong>ed.</strong></span> <span class='ocrx_word' id='word_1_356' title='bbox 563 4279 597 4350; x_wconf 65' lang='lat'><strong>2?</strong></span> <span class='ocrx_word' id='word_1_357' title='bbox 610 4277 693 4330; x_wconf 74' lang='lat' dir='ltr'><strong>Mali.</strong></span> <span class='ocrx_word' id='word_1_358' title='bbox 741 4276 1106 4345; x_wconf 71' lang='lat' dir='ltr'><strong>comperueratinuenieque</strong></span> <span class='ocrx_word' id='word_1_359' title='bbox 1116 4275 1149 4329; x_wconf 93' lang='lat' dir='ltr'><strong>D.</strong></span> <span class='ocrx_word' id='word_1_360' title='bbox 1206 4276 1248 4328; x_wconf 91' lang='grc'><strong>21.</strong></span> <span class='ocrx_word' id='word_1_361' title='bbox 1260 4275 1391 4330; x_wconf 73' lang='lat' dir='ltr'><strong>eonnaB.</strong></span> 
     </span>
     <span class='ocr_line' id='line_1_41' title="bbox 285 4360 1373 4432; baseline -0.001 -15"><span class='ocrx_word' id='word_1_362' title='bbox 285 4363 357 4432; x_wconf 88' lang='lat' dir='ltr'><strong>quod</strong></span> <span class='ocrx_word' id='word_1_363' title='bbox 373 4363 415 4418; x_wconf 90' lang='lat' dir='ltr'><strong>illi</strong></span> <span class='ocrx_word' id='word_1_364' title='bbox 432 4361 473 4416; x_wconf 74' lang='lat' dir='ltr'><strong>bio</strong></span> <span class='ocrx_word' id='word_1_365' title='bbox 491 4360 545 4418; x_wconf 79' lang='lat' dir='ltr'><strong>tuit</strong></span> <span class='ocrx_word' id='word_1_366' title='bbox 559 4362 628 4430; x_wconf 74' lang='lat' dir='ltr'><strong>seba</strong></span> <span class='ocrx_word' id='word_1_367' title='bbox 646 4363 682 4418; x_wconf 87' lang='lat' dir='ltr'><strong>H.</strong></span> <span class='ocrx_word' id='word_1_368' title='bbox 734 4363 778 4419; x_wconf 88' lang='grc'><strong>22.</strong></span> <span class='ocrx_word' id='word_1_369' title='bbox 798 4363 941 4431; x_wconf 81' lang='lat' dir='ltr'><strong>exsanguis</strong></span> <span class='ocrx_word' id='word_1_370' title='bbox 958 4363 992 4416; x_wconf 92' lang='lat' dir='ltr'><strong>D.</strong></span> <span class='ocrx_word' id='word_1_371' title='bbox 1083 4361 1127 4417; x_wconf 84' lang='grc'><strong>23.</strong></span> <span class='ocrx_word' id='word_1_372' title='bbox 1144 4361 1251 4430; x_wconf 89' lang='lat' dir='ltr'><strong>utrique</strong></span> <span class='ocrx_word' id='word_1_373' title='bbox 1269 4379 1321 4418; x_wconf 86' lang='lat' dir='ltr'><strong>uox</strong></span> <span class='ocrx_word' id='word_1_374' title='bbox 1337 4362 1373 4416; x_wconf 88' lang='grc' dir='ltr'><strong>Η.</strong></span> 
     </span>
    </p>
   </div>
   <div class='ocr_carea' id='block_1_4' title="bbox 0 0 1608 5024">
    <p class='ocr_par' dir='ltr' id='par_1_6' title="bbox 0 0 1608 5024">
     <span class='ocr_line' id='line_1_42' title="bbox 0 0 1608 5024; baseline 0 6"><span class='ocrx_word' id='word_1_375' title='bbox 0 0 1608 5024; x_wconf 95' lang='lat' dir='ltr'><strong> </strong></span> 
     </span>
    </p>
   </div>
  </div>
 </body>
</html>
