3208 5024
286 429 321 484 56
783 427 836 489 ΠΙ,
857 425 898 480 19.

286 589 453 666 „Habebis
483 607 558 672 ergo
580 587 673 664 tibi‚“
701 587 818 670 inquit,
850 606 914 664 „ex
936 587 1026 652 nobis
1049 586 1204 652 amicitiae
1227 605 1395 670 argumen-

285 695 369 768 tum,
393 695 520 757 centum
541 691 710 757 laterculos
729 691 797 754 auri
812 690 1055 773 grandissimos,
1077 691 1249 772 Aethiopas
1264 691 1395 773 inpubes
1478 685 1482 696 '

286 797 489 879 quingentos,
523 796 675 876 psittacos
698 813 766 870 sex,
800 795 1004 877 Phrygasque
1021 812 1088 869 sex,
1111 794 1296 876 praeterque
1318 791 1395 855 haec

285 899 435 964 Ammoni
456 897 512 964 deo
536 915 685 961 coronam
707 897 882 980 smaragdis
904 915 941 960 ac
962 895 1143 979 margaritis
1172 894 1269 960 etiam
1290 895 1395 959 toreu-

249 1003 380 1072 amatis
410 1001 634 1084 pretiosiorem.
679 999 739 1064 His
773 1001 806 1063 et
840 998 960 1063 loculos
993 997 1214 1063 refertissimos
1246 998 1396 1080 cuiusque

285 1102 408 1187 generis
431 1103 671 1185 margaritarum
693 1104 787 1183 atque
808 1120 1005 1184 gemmarum
1028 1099 1068 1165 ad
1092 1101 1199 1164 decem
1222 1119 1396 1178 numerum,

286 1207 425 1288 aliosque
447 1203 567 1271 loculos
590 1205 741 1270 eburneos
760 1205 922 1288 octoginta
949 1223 1011 1268 una
1035 1204 1108 1268 misi
1129 1203 1239 1268 usibus
1262 1206 1294 1268 et
1316 1203 1395 1267 dali-
1459 1218 1463 1226 ·

286 1309 343 1374 ciis
363 1309 440 1386 tuis,
463 1309 659 1389 ferarumque
681 1323 796 1390 genera
817 1326 896 1389 quae
920 1309 993 1371 sunt
1015 1307 1185 1372 nostratia:
1214 1305 1396 1388 elephantes

285 1414 442 1477 trecentos
469 1411 712 1494 quinquaginta,
746 1407 861 1492 pardos
881 1429 951 1486 sex,
985 1409 1199 1474 rhinocerotas
1226 1411 1396 1494 octoginta,

229 1527 269 1585 10
285 1516 454 1598 pantheras
477 1533 550 1579 vcro
573 1515 706 1596 quatuor
728 1511 832 1590 milia,
861 1531 954 1578 canes
977 1513 1073 1577 etiam
1104 1513 1137 1576 in
1156 1513 1298 1578 homines
1321 1515 1396 1577 elle·

269 1618 460 1682 ·ratissimos
481 1617 667 1701 nonaginta,
704 1617 811 1680 tauros
830 1616 1004 1690 trecentos,
1038 1615 1143 1698 virgas
1170 1615 1282 1680 hebeni
1309 1615 1395 1678 mille

287 1721 319 1783 et
342 1720 558 1802 quingentas.“

373 1820 429 1888 19.
475 1822 582 1902 [4811.
603 1821 703 1901 3011]
748 1819 790 1883 111
812 1818 852 1882 ad
880 1820 956 1884 haec
981 1819 1196 1885 transferenda
1219 1819 1395 1885 Alexander

286 1924 424 1989 miserat
469 1925 588 2005 [le]
626 1924 749 1987 Interea
771 1922 902 1998 accidit,
927 1923 963 1986 ut
982 1922 1066 1986 lilius
1089 1921 1228 1986 eiusdem
1244 1922 1395 1988 Candacis

229 2045 269 2104 15
287 2027 427 2110 reginae,
452 2025 623 2091 Candaules
645 2024 784 2100 nomine,
808 2025 883 2088 dum
904 2022 943 2088 ad
966 2023 1203 2089 sacrificandum
1218 2025 1295 2102 irat,
1318 2045 1396 2107 quo·

287 2129 360 2194 dam
382 2129 606 2211 Bebryciorum
627 2128 736 2212 regulo
760 2127 967 2210 subripiente,
989 2146 1084 2191 uxore
1103 2128 1287 2210 privaretur.
1309 2129 1396 2210 Ipse·

287 2251 346 2316 que
369 2251 440 2296 mox
462 2231 501 2296 ad
523 2229 691 2296 Alexandri
712 2230 855 2313 confugit
876 2230 1035 2296 auxilium.
1087 2231 1133 2294 At
1156 2249 1229 2295 uero
1251 2231 1396 2296 custodes

287 2335 558 2400 tabemaculorum
589 2333 761 2398 Alexandri
796 2331 1092 2416 comprehendentes
1125 2352 1197 2400 eum
1225 2352 1297 2396 cum
1331 2334 1396 2398 suis

287 2535 385 2590 De'eser
411 2541 470 2590 acis
497 2535 553 2604 prbr
581 2543 646 2588 aar*
663 2533 716 2586 den
742 2533 917 2601 mammaea
941 2533 1031 2587 babuit
1057 2533 1105 2586 der
1129 2540 1217 2588 maten
1240 2535 1325 2600 brilsle
1351 2534 1397 2588 des

287 2622 461 2691 saraptae
485 2621 584 2688 1111111,
618 2621 650 2674 io
673 2619 721 2673 dar
737 2619 815 2672 werse
832 2620 881 2672 wie
905 2618 953 2672 der
968 2620 1127 2688 epdmreolor
1151 2619 1199 2672 aa
1216 2621 1274 2674 se'eb
1290 2621 1398 2676 aareebt

285 2707 369 2777 petere
391 2707 483 2773 belm
512 2707 563 2760 das
578 2705 703 2774 folpeade
718 2705 785 2758 aber
808 2704 929 2758 1111111111
952 2705 1010 2758 siet
1027 2705 1111 2758 maer
1135 2721 1173 2758 aa
1195 2704 1248 2758 den
1269 2706 1397 2760 wortlaul

286 2793 333 2848 des
350 2793 506 2860 originales.
612 2789 747 2858 Additqne
765 2790 800 2842 Η.
910 2792 933 2843 l.
950 2789 1052 2844 habena
1070 2789 1103 2844 A.
1199 2791 1305 2844 amcitie
1323 2792 1397 2845 istud

285 2877 398 2932 habebis
424 2893 488 2945 ergo
514 2877 603 2945 inquit
628 2891 659 2929 ax
681 2874 759 2930 nobis
783 2878 980 2944 argumentum.
1009 2876 1043 2928 D.
1152 2876 1177 2928 2.
1204 2875 1338 2948 otthiopcs
1361 2877 1396 2929 H.

287 2963 410 3032 ethiopes
426 2963 458 3016 A.
495 2963 623 3032 ethyopes
642 2961 673 3016 B.
711 2961 840 3029 ethyopas
857 2961 941 3028 pubes
951 2963 984 3015 D.
1065 2963 1090 3015 3.
1110 2963 1239 3030 psytagos
1257 2961 1291 3014 Η.
1321 2965 1396 3030 psyt-

287 3054 361 3104 11111
374 3037 409 3104 L.
445 3049 586 3120 phitachos
604 3049 636 3102 A.
672 3049 797 3116 psytacos
815 3047 869 3100 BH.
906 3047 1059 3116 phspitacos
1078 3063 1118 3100 vn
1143 3048 1176 3100 D.
1206 3065 1208 3070 ·
1264 3047 1396 3117 phrygas-

288 3153 338 3206 que
357 3135 407 3190 Vb.
444 3135 582 3204 frigasqne
602 3132 876 3188 unsaramma.
930 3133 1062 3202 tricasque
1082 3133 1111 3186 L.
1147 3133 1215 3197 fehlt
1232 3133 1265 3186 D.
1302 3133 1396 3201 sphin-

287 3237 390 3291 gasque
409 3221 491 3274 Melz.
528 3225 653 3289 σφίγγας
672 3217 696 3270 d
715 3217 817 3270 ALBG.
903 3219 1156 3285 transagens.
1183 3234 1304 3272 amonem
1317 3218 1397 3271 deum

288 3308 392 3362 coronis
419 3303 598 3372 smaragdinis
625 3319 656 3356 ac
681 3303 835 3370 margaritis
864 3303 946 3356 etiam
972 3303 1118 3357 fortunatis
1145 3303 1332 3372 preciosiorem
1362 3305 1395 3356 D.

288 3397 314 3448 5.
333 3409 392 3446 cum
411 3392 454 3445 his
470 3392 502 3444 B.
537 3389 605 3455 sebit
623 3389 657 3441 D.
746 3390 769 3442 6.
788 3387 823 3441 ad
839 3387 924 3442 decim
941 3389 1019 3442 LAH.
1055 3404 1194 3442 munerum
1207 3389 1264 3442 HL.
1281 3389 1349 3454 fehlt
1361 3389 1395 3441 D.

288 3479 313 3532 ’1.
332 3477 427 3530 dilitiis
445 3477 476 3528 L.
579 3474 638 3526 lxx.
665 3473 719 3526 Vas
746 3487 849 3541 quoqne
872 3473 933 3527 misi
953 3473 980 3526 in
999 3473 1092 3527 usibus
1111 3473 1251 3528 delectum.
1278 3473 1395 3527 ferarum

287 3579 386 3632 genera
406 3577 473 3630 quae
493 3563 557 3614 sunt
576 3557 647 3626 apud
672 3573 730 3610 nos.
756 3558 790 3611 D.
894 3559 919 3610 8.
945 3559 1104 3627 elephantos
1129 3560 1159 3613 Β.
1201 3559 1338 3628 elephanti
1361 3561 1394 3612 D.

287 3652 311 3703 9.
331 3647 430 3717 pardos
449 3662 507 3700 ‚vm
528 3646 562 3698 D.
650 3644 813 3697 rinocerates
826 3644 858 3696 B.
878 3643 1040 3699 rinocerotes
1054 3661 1127 3698 .nxx.
1148 3645 1181 3697 D.
1253 3645 1329 3699 1-9.
1342 3659 1396 3697 una

287 3736 348 3790 miei
366 3734 407 3787 bis
425 3733 605 3786 rhinocerotas
624 3729 762 3798 octoginta
779 3728 847 3794 fehlt
864 3729 897 3782 H.
1006 3731 1048 3783 10.
1074 3731 1198 3798 penteres
1223 3730 1258 3783 H.
1294 3729 1395 3798 pande-

286 3837 331 3875 ras
349 3820 380 3874 A.
416 3817 560 3887 pantheras
579 3817 610 3870 L.
646 3815 791 3884 pantheros
812 3813 862 3866 Vb.
951 3797 1060 3882 catenis
1079 3814 1113 3867 Η.
1185 3831 1264 3870 canes
1282 3831 1345 3870 uero
1360 3816 1394 3869 D.

287 3905 490 3961 ollamtissimos
515 3903 551 3955 H.
595 3901 798 3955 ellemcissimos
815 3899 971 3954 avulsae.
986 3897 1057 3952 Bell.
1117 3899 1335 3956 efferentissimos
1359 3903 1393 3955 D.

288 3993 330 4044 11.
350 3991 432 4044 Taros
451 3990 485 4042 D.
572 3989 663 4054 uirgas
683 3987 791 4040 abineas
811 4001 845 4039 .n.
866 3986 899 4039 D.

374 4076 419 4130 19.
457 4075 497 4128 13.
518 4074 660 4128 alexandro
678 4073 762 4126 misit.
781 4073 813 4124 D.
902 4071 1037 4125 11.·111111
1054 4071 1089 4125 H.
1188 4072 1394 4127 1111111111

288 4161 357 4231 (aad
373 4177 403 4215 so
419 4161 505 4229 1111111)
528 4159 561 4212 D.
615 4157 767 4212 Candaules
795 4157 864 4210 alias
886 4155 1037 4210 Condeolns
1068 4157 1143 4210 Viae.
1161 4155 1232 4209 Bell.
1270 4155 1393 4208 Candau-

286 4250 327 4302 les
345 4246 394 4298 Vb.
429 4241 592 4310 Κανδαύλης
608 4243 709 4296 LABC.
813 4240 1025 4295 1111111111111
1049 4241 1183 4309 quoddam
1204 4242 1336 4308 pergeret.
1359 4240 1391 4293 D.

287 4331 402 4403 quodam
418 4329 486 4396 [11111
503 4331 536 4384 D.
622 4331 662 4382 16.
681 4327 870 4382 brebriciorurn
883 4329 918 4380 H.
937 4327 1148 4382 bebricianorum
1164 4326 1197 4377 D.
1268 4325 1309 4378 18.
1322 4341 1393 4379 com·

286 4419 481 4489 prehendentes
500 4414 656 4470 eandeolum
675 4414 815 4468 satellibus
833 4413 866 4466 D.
903 4413 964 4480 lpse
980 4413 1087 4481 'qnoque
1105 4427 1165 4464 mox
1177 4411 1314 4465 alexandri
1326 4412 1394 4466 abiit
