<?xml version="1.0" encoding="UTF-8"?>
<!DOCTYPE html PUBLIC "-//W3C//DTD XHTML 1.0 Transitional//EN"
    "http://www.w3.org/TR/xhtml1/DTD/xhtml1-transitional.dtd">
<html xmlns="http://www.w3.org/1999/xhtml" xml:lang="en" lang="en">
 <head>
  <title>
</title>
<meta http-equiv="Content-Type" content="text/html;charset=utf-8" />
  <meta name='ocr-system' content='tesseract 3.04.00' />
  <meta name='ocr-capabilities' content='ocr_page ocr_carea ocr_par ocr_line ocrx_word'/>
</head>
<body>
  <div class='ocr_page' id='page_1' title='image "./juliivaleriiepi00zachgoog/juliivaleriiepi00zachgoog_0037.png"; bbox 0 0 3208 5024; ppageno 0'>
   <div class='ocr_carea' id='block_1_1' title="bbox 680 436 1278 502">
    <p class='ocr_par' dir='ltr' id='par_1_1' title="bbox 680 436 1278 502">
     <span class='ocr_line' id='line_1_1' title="bbox 680 436 1278 502; baseline -0.007 -10"><span class='ocrx_word' id='word_1_1' title='bbox 680 438 707 502; x_wconf 90' lang='grc' dir='ltr'>Ι,</span> <span class='ocrx_word' id='word_1_2' title='bbox 728 439 769 493; x_wconf 90' lang='grc'><strong>13.</strong></span> <span class='ocrx_word' id='word_1_3' title='bbox 1246 436 1278 489; x_wconf 80' lang='grc'><strong>17</strong></span> 
     </span>
    </p>
   </div>
   <div class='ocr_carea' id='block_1_2' title="bbox 176 597 1316 1526">
    <p class='ocr_par' dir='ltr' id='par_1_2' title="bbox 177 597 1280 897">
     <span class='ocr_line' id='line_1_2' title="bbox 177 597 1280 688; baseline -0.007 -17"><span class='ocrx_word' id='word_1_4' title='bbox 177 624 300 682; x_wconf 84' lang='lat' dir='ltr'>menes,</span> <span class='ocrx_word' id='word_1_5' title='bbox 328 602 541 688; x_wconf 83' lang='lat' dir='ltr'>philosophiae</span> <span class='ocrx_word' id='word_1_6' title='bbox 563 601 753 668; x_wconf 83' lang='lat' dir='ltr'>Aristoteles</span> <span class='ocrx_word' id='word_1_7' title='bbox 779 600 832 665; x_wconf 90' lang='lat' dir='ltr'>ille</span> <span class='ocrx_word' id='word_1_8' title='bbox 852 599 1004 665; x_wconf 89' lang='lat' dir='ltr'>Milesius.</span> <span class='ocrx_word' id='word_1_9' title='bbox 1049 600 1127 664; x_wconf 79' lang='lat' dir='ltr'>hirst</span> <span class='ocrx_word' id='word_1_10' title='bbox 1157 597 1280 682; x_wconf 87' lang='lat' dir='ltr'>quidem</span> 
     </span>
     <span class='ocr_line' id='line_1_3' title="bbox 177 703 1280 792; baseline -0.004 -18"><span class='ocrx_word' id='word_1_11' title='bbox 177 709 229 776; x_wconf 91' lang='lat' dir='ltr'>ille</span> <span class='ocrx_word' id='word_1_12' title='bbox 259 710 298 776; x_wconf 85' lang='lat' dir='ltr'>ed</span> <span class='ocrx_word' id='word_1_13' title='bbox 327 728 434 774; x_wconf 89' lang='lat' dir='ltr'>omnes</span> <span class='ocrx_word' id='word_1_14' title='bbox 463 708 587 773; x_wconf 82' lang='lat' dir='ltr'>litteras</span> <span class='ocrx_word' id='word_1_15' title='bbox 615 707 749 792; x_wconf 86' lang='lat' dir='ltr'>peritus,</span> <span class='ocrx_word' id='word_1_16' title='bbox 781 708 813 771; x_wconf 85' lang='lat' dir='ltr'>et</span> <span class='ocrx_word' id='word_1_17' title='bbox 835 705 895 770; x_wconf 86' lang='lat' dir='ltr'>sibi</span> <span class='ocrx_word' id='word_1_18' title='bbox 917 705 1048 788; x_wconf 87' lang='lat' dir='ltr'>quisque</span> <span class='ocrx_word' id='word_1_19' title='bbox 1069 703 1161 770; x_wconf 90' lang='lat' dir='ltr'>ludus</span> <span class='ocrx_word' id='word_1_20' title='bbox 1181 704 1280 788; x_wconf 90' lang='lat' dir='ltr'>impe·</span> 
     </span>
     <span class='ocr_line' id='line_1_4' title="bbox 177 813 803 897; baseline -0.01 -17"><span class='ocrx_word' id='word_1_21' title='bbox 177 815 253 881; x_wconf 83' lang='lat' dir='ltr'>risle</span> <span class='ocrx_word' id='word_1_22' title='bbox 277 815 426 897; x_wconf 80' lang='lat' dir='ltr'>quiddam</span> <span class='ocrx_word' id='word_1_23' title='bbox 448 816 515 879; x_wconf 87' lang='lat' dir='ltr'>erat</span> <span class='ocrx_word' id='word_1_24' title='bbox 536 813 803 878; x_wconf 71' lang='lat' dir='ltr'>meditamentum.</span> 
     </span>
    </p>

    <p class='ocr_par' dir='ltr' id='par_1_3' title="bbox 176 917 1316 1526">
     <span class='ocr_line' id='line_1_5' title="bbox 262 917 1279 1003; baseline -0.006 -17"><span class='ocrx_word' id='word_1_25' title='bbox 262 923 387 987; x_wconf 76' lang='lat' dir='ltr'>Interea</span> <span class='ocrx_word' id='word_1_26' title='bbox 416 921 476 986; x_wconf 87' lang='lat' dir='ltr'>viri</span> <span class='ocrx_word' id='word_1_27' title='bbox 500 921 553 1002; x_wconf 92' lang='lat' dir='ltr'>qui</span> <span class='ocrx_word' id='word_1_28' title='bbox 575 919 712 1003; x_wconf 91' lang='lat' dir='ltr'>Philippi</span> <span class='ocrx_word' id='word_1_29' title='bbox 743 918 858 1001; x_wconf 86' lang='lat' dir='ltr'>equitis</span> <span class='ocrx_word' id='word_1_30' title='bbox 886 917 1038 982; x_wconf 86' lang='lat' dir='ltr'>ourehent</span> <span class='ocrx_word' id='word_1_31' title='bbox 1065 935 1180 999; x_wconf 89' lang='lat' dir='ltr'>equum</span> <span class='ocrx_word' id='word_1_32' title='bbox 1209 934 1279 998; x_wconf 91' lang='lat' dir='ltr'>spe-</span> 
     </span>
     <span class='ocr_line' id='line_1_6' title="bbox 178 1020 1316 1108; baseline -0.008 -17"><span class='ocrx_word' id='word_1_33' title='bbox 178 1026 302 1091; x_wconf 81' lang='lat' dir='ltr'>ctabilis</span> <span class='ocrx_word' id='word_1_34' title='bbox 325 1026 443 1091; x_wconf 81' lang='lat' dir='ltr'>formae</span> <span class='ocrx_word' id='word_1_35' title='bbox 465 1025 729 1108; x_wconf 68' lang='lat' dir='ltr'>reghdeduount,</span> <span class='ocrx_word' id='word_1_36' title='bbox 752 1024 916 1104; x_wconf 82' lang='lat' dir='ltr'>aiuntque,</span> <span class='ocrx_word' id='word_1_37' title='bbox 939 1021 1030 1086; x_wconf 89' lang='lat' dir='ltr'>illum</span> <span class='ocrx_word' id='word_1_38' title='bbox 1053 1020 1187 1086; x_wconf 84' lang='lat' dir='ltr'>armenti</span> <span class='ocrx_word' id='word_1_39' title='bbox 1209 1020 1316 1104; x_wconf 81' lang='lat' dir='ltr'>qui-5</span> 
     </span>
     <span class='ocr_line' id='line_1_7' title="bbox 177 1125 1279 1214; baseline -0.005 -18"><span class='ocrx_word' id='word_1_40' title='bbox 177 1131 247 1196; x_wconf 93' lang='lat' dir='ltr'>dem</span> <span class='ocrx_word' id='word_1_41' title='bbox 270 1130 384 1214; x_wconf 84' lang='lat' dir='ltr'>regalis</span> <span class='ocrx_word' id='word_1_42' title='bbox 405 1129 500 1194; x_wconf 90' lang='lat' dir='ltr'>fuisse</span> <span class='ocrx_word' id='word_1_43' title='bbox 520 1149 635 1214; x_wconf 85' lang='lat' dir='ltr'>genus,</span> <span class='ocrx_word' id='word_1_44' title='bbox 657 1128 826 1194; x_wconf 79' lang='lat' dir='ltr'>formatum</span> <span class='ocrx_word' id='word_1_45' title='bbox 847 1125 978 1210; x_wconf 90' lang='lat' dir='ltr'>pedihus</span> <span class='ocrx_word' id='word_1_46' title='bbox 1002 1126 1040 1191; x_wconf 85' lang='lat' dir='ltr'>ad</span> <span class='ocrx_word' id='word_1_47' title='bbox 1055 1125 1169 1210; x_wconf 85' lang='lat' dir='ltr'>Pegasi</span> <span class='ocrx_word' id='word_1_48' title='bbox 1190 1126 1279 1191; x_wconf 84' lang='lat' dir='ltr'>lehu-</span> 
     </span>
     <span class='ocr_line' id='line_1_8' title="bbox 176 1229 1278 1318; baseline -0.005 -18"><span class='ocrx_word' id='word_1_49' title='bbox 176 1236 241 1302; x_wconf 85' lang='lat' dir='ltr'>lsm</span> <span class='ocrx_word' id='word_1_50' title='bbox 269 1237 301 1300; x_wconf 92' lang='lat' dir='ltr'>et</span> <span class='ocrx_word' id='word_1_51' title='bbox 333 1237 361 1299; x_wconf 92' lang='lat' dir='ltr'>si</span> <span class='ocrx_word' id='word_1_52' title='bbox 391 1235 462 1318; x_wconf 90' lang='lat' dir='ltr'>equi</span> <span class='ocrx_word' id='word_1_53' title='bbox 487 1235 582 1300; x_wconf 88' lang='lat' dir='ltr'>luisse</span> <span class='ocrx_word' id='word_1_54' title='bbox 621 1232 825 1298; x_wconf 86' lang='lat' dir='ltr'>Laomedonti</span> <span class='ocrx_word' id='word_1_55' title='bbox 864 1229 1014 1296; x_wconf 89' lang='lat' dir='ltr'>eiusmodi</span> <span class='ocrx_word' id='word_1_56' title='bbox 1051 1229 1278 1315; x_wconf 84' lang='lat' dir='ltr'>praeditentur.</span> 
     </span>
     <span class='ocr_line' id='line_1_9' title="bbox 177 1335 1278 1422; baseline -0.005 -18"><span class='ocrx_word' id='word_1_57' title='bbox 177 1339 384 1422; x_wconf 83' lang='lat' dir='ltr'>Adduntque:</span> <span class='ocrx_word' id='word_1_58' title='bbox 414 1359 536 1418; x_wconf 83' lang='lat' dir='ltr'>„unum</span> <span class='ocrx_word' id='word_1_59' title='bbox 567 1339 693 1422; x_wconf 88' lang='lat' dir='ltr'>quidem</span> <span class='ocrx_word' id='word_1_60' title='bbox 721 1341 770 1404; x_wconf 91' lang='lat' dir='ltr'>est</span> <span class='ocrx_word' id='word_1_61' title='bbox 800 1338 827 1402; x_wconf 91' lang='lat' dir='ltr'>ei</span> <span class='ocrx_word' id='word_1_62' title='bbox 850 1336 966 1402; x_wconf 89' lang='lat' dir='ltr'>beluile</span> <span class='ocrx_word' id='word_1_63' title='bbox 988 1335 1117 1416; x_wconf 86' lang='lat' dir='ltr'>vitium,</span> <span class='ocrx_word' id='word_1_64' title='bbox 1144 1354 1278 1420; x_wconf 86' lang='lat' dir='ltr'>nemque</span> 
     </span>
     <span class='ocr_line' id='line_1_10' title="bbox 177 1441 1278 1526; baseline -0.005 -16"><span class='ocrx_word' id='word_1_65' title='bbox 177 1445 318 1510; x_wconf 86' lang='lat' dir='ltr'>homines</span> <span class='ocrx_word' id='word_1_66' title='bbox 353 1445 417 1509; x_wconf 91' lang='lat' dir='ltr'>edit</span> <span class='ocrx_word' id='word_1_67' title='bbox 447 1446 479 1509; x_wconf 89' lang='lat' dir='ltr'>et</span> <span class='ocrx_word' id='word_1_68' title='bbox 507 1443 539 1508; x_wconf 94' lang='lat' dir='ltr'>iu</span> <span class='ocrx_word' id='word_1_69' title='bbox 569 1443 719 1509; x_wconf 89' lang='lat' dir='ltr'>eiusmodi</span> <span class='ocrx_word' id='word_1_70' title='bbox 746 1441 897 1526; x_wconf 87' lang='lat' dir='ltr'>pabulum</span> <span class='ocrx_word' id='word_1_71' title='bbox 925 1442 1057 1507; x_wconf 88' lang='lat' dir='ltr'>ssevit.“</span> <span class='ocrx_word' id='word_1_72' title='bbox 1109 1441 1175 1507; x_wconf 85' lang='lat' dir='ltr'>Rex</span> <span class='ocrx_word' id='word_1_73' title='bbox 1203 1459 1278 1507; x_wconf 86' lang='lat' dir='ltr'>vero</span> 
     </span>
    </p>
   </div>
   <div class='ocr_carea' id='block_1_3' title="bbox 171 1619 1284 4644">
    <p class='ocr_par' dir='ltr' id='par_1_4' title="bbox 171 1619 1284 4644">
     <span class='ocr_line' id='line_1_11' title="bbox 178 1619 1278 1690; baseline -0.004 -12"><span class='ocrx_word' id='word_1_74' title='bbox 178 1620 395 1688; x_wconf 77' lang='grc' dir='ltr'><em>πελοποκνήσιος</em></span> <span class='ocrx_word' id='word_1_75' title='bbox 420 1619 657 1690; x_wconf 76' lang='grc' dir='ltr'><em>(παιδοποκὴσιος</em></span> <span class='ocrx_word' id='word_1_76' title='bbox 679 1625 834 1680; x_wconf 79' lang='grc' dir='ltr'><em>Μένιππος</em></span> <span class='ocrx_word' id='word_1_77' title='bbox 852 1620 896 1688; x_wconf 86' lang='grc' dir='ltr'>Α.)</span> <span class='ocrx_word' id='word_1_78' title='bbox 919 1619 1021 1674; x_wconf 83' lang='lat' dir='ltr'><strong>ALBc.</strong></span> <span class='ocrx_word' id='word_1_79' title='bbox 1137 1619 1278 1674; x_wconf 80' lang='lat' dir='ltr'>Anexime-</span> 
     </span>
     <span class='ocr_line' id='line_1_12' title="bbox 177 1705 1279 1775; baseline -0.004 -11"><span class='ocrx_word' id='word_1_80' title='bbox 177 1725 226 1764; x_wconf 80' lang='lat' dir='ltr'>nes</span> <span class='ocrx_word' id='word_1_81' title='bbox 243 1711 274 1764; x_wconf 89' lang='lat' dir='ltr'>L.</span> <span class='ocrx_word' id='word_1_82' title='bbox 320 1708 450 1762; x_wconf 79' lang='lat' dir='ltr'>oratoriae</span> <span class='ocrx_word' id='word_1_83' title='bbox 468 1707 646 1762; x_wconf 78' lang='lat' dir='ltr'>Anaximenes</span> <span class='ocrx_word' id='word_1_84' title='bbox 663 1707 730 1774; x_wconf 80' lang='lat' dir='ltr'>fehlt</span> <span class='ocrx_word' id='word_1_85' title='bbox 742 1708 775 1760; x_wconf 92' lang='lat' dir='ltr'>D.</span> <span class='ocrx_word' id='word_1_86' title='bbox 818 1707 857 1760; x_wconf 88' lang='lat' dir='ltr'>Ve</span> <span class='ocrx_word' id='word_1_87' title='bbox 874 1705 935 1775; x_wconf 68' lang='lat' dir='ltr'>sript</span> <span class='ocrx_word' id='word_1_88' title='bbox 954 1706 1037 1760; x_wconf 74' lang='lat' dir='ltr'>hiesu</span> <span class='ocrx_word' id='word_1_89' title='bbox 1056 1706 1183 1761; x_wconf 81' lang='lat' dir='ltr'>Aristooli</span> <span class='ocrx_word' id='word_1_90' title='bbox 1200 1708 1279 1760; x_wconf 82' lang='lat' dir='ltr'>Lem·</span> 
     </span>
     <span class='ocr_line' id='line_1_13' title="bbox 178 1790 1278 1870; baseline -0.004 -18"><span class='ocrx_word' id='word_1_91' title='bbox 178 1813 297 1852; x_wconf 74' lang='lat' dir='ltr'>essenus.</span> <span class='ocrx_word' id='word_1_92' title='bbox 332 1797 482 1870; x_wconf 78' lang='grc' dir='ltr'><em>ῥητορικῶν</em></span> <span class='ocrx_word' id='word_1_93' title='bbox 508 1795 538 1848; x_wconf 78' lang='grc' dir='ltr'>δὲ</span> <span class='ocrx_word' id='word_1_94' title='bbox 559 1790 648 1864; x_wconf 73' lang='grc' dir='ltr'><strong><em>λόγων</em></strong></span> <span class='ocrx_word' id='word_1_95' title='bbox 666 1794 819 1866; x_wconf 79' lang='grc' dir='ltr'><em>Ἀξιομὲνης</em></span> <span class='ocrx_word' id='word_1_96' title='bbox 841 1793 1009 1865; x_wconf 76' lang='grc' dir='ltr'><em>(Ἀξιαμέιης</em></span> <span class='ocrx_word' id='word_1_97' title='bbox 1028 1793 1058 1848; x_wconf 82' lang='lat' dir='ltr'>C.</span> <span class='ocrx_word' id='word_1_98' title='bbox 1089 1793 1218 1865; x_wconf 77' lang='grc' dir='ltr'><em>ἀξιμὲνης</em></span> <span class='ocrx_word' id='word_1_99' title='bbox 1236 1794 1278 1864; x_wconf 87' lang='lat' dir='ltr'>L.)</span> 
     </span>
     <span class='ocr_line' id='line_1_14' title="bbox 178 1878 1278 1958; baseline -0.004 -20"><span class='ocrx_word' id='word_1_100' title='bbox 178 1885 372 1958; x_wconf 79' lang='grc' dir='ltr'><em>ἀριστοκλέους</em></span> <span class='ocrx_word' id='word_1_101' title='bbox 389 1881 404 1933; x_wconf 89' lang='grc' dir='ltr'>ὁ</span> <span class='ocrx_word' id='word_1_102' title='bbox 423 1878 575 1950; x_wconf 77' lang='grc' dir='ltr'><em>λαψηκικός</em></span> <span class='ocrx_word' id='word_1_103' title='bbox 592 1881 669 1948; x_wconf 76' lang='lat' dir='ltr'>(fehlt</span> <span class='ocrx_word' id='word_1_104' title='bbox 686 1880 751 1950; x_wconf 84' lang='lat' dir='ltr'><strong>BC.)</strong></span> <span class='ocrx_word' id='word_1_105' title='bbox 771 1880 848 1934; x_wconf 80' lang='lat' dir='ltr'><strong>LBG.</strong></span> <span class='ocrx_word' id='word_1_106' title='bbox 887 1883 1035 1956; x_wconf 78' lang='grc' dir='ltr'><em>ῥητορικοῦ</em></span> <span class='ocrx_word' id='word_1_107' title='bbox 1054 1881 1083 1935; x_wconf 74' lang='grc' dir='ltr'>δὲ</span> <span class='ocrx_word' id='word_1_108' title='bbox 1101 1878 1189 1951; x_wconf 76' lang='grc' dir='ltr'><em>λόγου</em></span> <span class='ocrx_word' id='word_1_109' title='bbox 1201 1879 1278 1947; x_wconf 67' lang='grc' dir='ltr'>Ἀθη·</span> 
     </span>
     <span class='ocr_line' id='line_1_15' title="bbox 177 1965 1278 2039; baseline -0.003 -15"><span class='ocrx_word' id='word_1_110' title='bbox 177 1965 467 2039; x_wconf 72' lang='grc' dir='ltr'><em>οαῑοιἈριστομάνης.</em></span> <span class='ocrx_word' id='word_1_111' title='bbox 484 1968 517 2020; x_wconf 86' lang='grc' dir='ltr'>Α.</span> <span class='ocrx_word' id='word_1_112' title='bbox 618 1969 642 2022; x_wconf 93' lang='grc'><strong>1.</strong></span> <span class='ocrx_word' id='word_1_113' title='bbox 660 1966 859 2038; x_wconf 75' lang='lat' dir='ltr'>phylosophyse</span> <span class='ocrx_word' id='word_1_114' title='bbox 877 1969 906 2023; x_wconf 75' lang='lat'>1.</span> <span class='ocrx_word' id='word_1_115' title='bbox 943 1968 1124 2038; x_wconf 81' lang='lat' dir='ltr'>phylosophye</span> <span class='ocrx_word' id='word_1_116' title='bbox 1140 1969 1175 2022; x_wconf 92' lang='lat' dir='ltr'>H.</span> <span class='ocrx_word' id='word_1_117' title='bbox 1211 1967 1278 2037; x_wconf 82' lang='lat' dir='ltr'>phy-</span> 
     </span>
     <span class='ocr_line' id='line_1_16' title="bbox 177 2043 1279 2126; baseline -0.006 -14"><span class='ocrx_word' id='word_1_118' title='bbox 177 2043 301 2126; x_wconf 80' lang='lat' dir='ltr'>losephie¹</span> <span class='ocrx_word' id='word_1_119' title='bbox 316 2055 371 2109; x_wconf 81' lang='lat' dir='ltr'>BE.</span> <span class='ocrx_word' id='word_1_120' title='bbox 407 2052 574 2123; x_wconf 88' lang='lat' dir='ltr'>philosophie</span> <span class='ocrx_word' id='word_1_121' title='bbox 592 2057 682 2108; x_wconf 83' lang='lat' dir='ltr'>nutem</span> <span class='ocrx_word' id='word_1_122' title='bbox 705 2053 751 2107; x_wconf 82' lang='lat' dir='ltr'>Vc.</span> <span class='ocrx_word' id='word_1_123' title='bbox 788 2052 927 2122; x_wconf 88' lang='lat' dir='ltr'>philosofie</span> <span class='ocrx_word' id='word_1_124' title='bbox 946 2053 978 2108; x_wconf 81' lang='lat' dir='ltr'>A.</span> <span class='ocrx_word' id='word_1_125' title='bbox 1013 2054 1043 2108; x_wconf 92' lang='lat' dir='ltr'>iu</span> <span class='ocrx_word' id='word_1_126' title='bbox 1060 2053 1230 2124; x_wconf 87' lang='lat' dir='ltr'>philosophie</span> <span class='ocrx_word' id='word_1_127' title='bbox 1247 2054 1279 2107; x_wconf 93' lang='lat' dir='ltr'>D.</span> 
     </span>
     <span class='ocr_line' id='line_1_17' title="bbox 178 2139 1279 2206; baseline -0.001 -10"><span class='ocrx_word' id='word_1_128' title='bbox 178 2143 323 2196; x_wconf 70' lang='lat' dir='ltr'>aristotiles</span> <span class='ocrx_word' id='word_1_129' title='bbox 341 2141 411 2194; x_wconf 69' lang='lat' dir='ltr'>uto.</span> <span class='ocrx_word' id='word_1_130' title='bbox 500 2141 546 2194; x_wconf 90' lang='lat' dir='ltr'>ille</span> <span class='ocrx_word' id='word_1_131' title='bbox 567 2141 664 2194; x_wconf 86' lang='lat' dir='ltr'>HBVe.</span> <span class='ocrx_word' id='word_1_132' title='bbox 698 2139 765 2206; x_wconf 78' lang='lat' dir='ltr'>fehlt</span> <span class='ocrx_word' id='word_1_133' title='bbox 782 2139 908 2194; x_wconf 74' lang='lat' dir='ltr'><strong>IADER.</strong></span> <span class='ocrx_word' id='word_1_134' title='bbox 1005 2141 1117 2196; x_wconf 76' lang='lat' dir='ltr'>Miletus</span> <span class='ocrx_word' id='word_1_135' title='bbox 1135 2143 1165 2196; x_wconf 88' lang='lat' dir='ltr'>L.</span> <span class='ocrx_word' id='word_1_136' title='bbox 1200 2141 1279 2196; x_wconf 82' lang='lat' dir='ltr'>Mile·</span> 
     </span>
     <span class='ocr_line' id='line_1_18' title="bbox 182 2226 1277 2293; baseline 0.001 -12"><span class='ocrx_word' id='word_1_137' title='bbox 182 2229 237 2282; x_wconf 88' lang='lat' dir='ltr'>sius</span> <span class='ocrx_word' id='word_1_138' title='bbox 253 2229 317 2293; x_wconf 74' lang='lat' dir='ltr'>fehlt</span> <span class='ocrx_word' id='word_1_139' title='bbox 333 2229 364 2282; x_wconf 85' lang='lat' dir='ltr'>R.</span> <span class='ocrx_word' id='word_1_140' title='bbox 401 2227 552 2282; x_wconf 81' lang='lat' dir='ltr'>aristoteles</span> <span class='ocrx_word' id='word_1_141' title='bbox 570 2227 616 2280; x_wconf 91' lang='lat' dir='ltr'>ille</span> <span class='ocrx_word' id='word_1_142' title='bbox 637 2227 713 2281; x_wconf 88' lang='lat' dir='ltr'>miles</span> <span class='ocrx_word' id='word_1_143' title='bbox 731 2227 855 2280; x_wconf 82' lang='lat' dir='ltr'>iusserat.</span> <span class='ocrx_word' id='word_1_144' title='bbox 892 2226 1005 2293; x_wconf 84' lang='lat' dir='ltr'>Quidem</span> <span class='ocrx_word' id='word_1_145' title='bbox 1021 2227 1068 2283; x_wconf 93' lang='lat' dir='ltr'>ille</span> <span class='ocrx_word' id='word_1_146' title='bbox 1086 2229 1121 2281; x_wconf 91' lang='grc' dir='ltr'>Η.</span> <span class='ocrx_word' id='word_1_147' title='bbox 1158 2227 1277 2282; x_wconf 79' lang='lat' dir='ltr'>aristoti-</span> 
     </span>
     <span class='ocr_line' id='line_1_19' title="bbox 183 2313 1278 2390; baseline 0.001 -23"><span class='ocrx_word' id='word_1_148' title='bbox 183 2314 231 2368; x_wconf 86' lang='lat' dir='ltr'>les.</span> <span class='ocrx_word' id='word_1_149' title='bbox 252 2313 367 2368; x_wconf 84' lang='lat' dir='ltr'>milesius</span> <span class='ocrx_word' id='word_1_150' title='bbox 386 2313 493 2384; x_wconf 82' lang='lat' dir='ltr'>quidem</span> <span class='ocrx_word' id='word_1_151' title='bbox 511 2315 557 2368; x_wconf 83' lang='lat' dir='ltr'>ille</span> <span class='ocrx_word' id='word_1_152' title='bbox 575 2313 607 2366; x_wconf 93' lang='lat' dir='ltr'>D.</span> <span class='ocrx_word' id='word_1_153' title='bbox 642 2317 809 2386; x_wconf 77' lang='grc' dir='ltr'><em>φιλοσοφίας</em></span> <span class='ocrx_word' id='word_1_154' title='bbox 821 2315 852 2368; x_wconf 74' lang='lat' dir='ltr'>dl</span> <span class='ocrx_word' id='word_1_155' title='bbox 869 2313 1056 2390; x_wconf 74' lang='grc' dir='ltr'>Ἀριστοτέλης</span> <span class='ocrx_word' id='word_1_156' title='bbox 1072 2315 1126 2370; x_wconf 77' lang='lat' dir='ltr'>BC.</span> <span class='ocrx_word' id='word_1_157' title='bbox 1162 2318 1278 2388; x_wconf 81' lang='grc' dir='ltr'><em>φιλοσο·</em></span> 
     </span>
     <span class='ocr_line' id='line_1_20' title="bbox 181 2397 1280 2474; baseline 0.002 -20"><span class='ocrx_word' id='word_1_158' title='bbox 181 2407 247 2472; x_wconf 75' lang='grc' dir='ltr'>φίας</span> <span class='ocrx_word' id='word_1_159' title='bbox 265 2402 294 2455; x_wconf 79' lang='grc' dir='ltr'>δὲ</span> <span class='ocrx_word' id='word_1_160' title='bbox 314 2401 484 2474; x_wconf 78' lang='grc' dir='ltr'><em>ἀριστοτέλης</em></span> <span class='ocrx_word' id='word_1_161' title='bbox 505 2397 687 2474; x_wconf 78' lang='grc' dir='ltr'><em>νικομὰχους·</em></span> <span class='ocrx_word' id='word_1_162' title='bbox 707 2400 833 2468; x_wconf 64' lang='lat' dir='ltr'>retroiret.</span> <span class='ocrx_word' id='word_1_163' title='bbox 851 2400 881 2454; x_wconf 93' lang='lat' dir='ltr'>L.</span> <span class='ocrx_word' id='word_1_164' title='bbox 905 2401 1078 2474; x_wconf 72' lang='grc' dir='ltr'><em>φιλοσοφίας</em></span> <span class='ocrx_word' id='word_1_165' title='bbox 1095 2403 1126 2457; x_wconf 71' lang='lat' dir='ltr'>dl</span> <span class='ocrx_word' id='word_1_166' title='bbox 1139 2402 1280 2470; x_wconf 79' lang='grc' dir='ltr'><em>Μιλήσιος</em></span> 
     </span>
     <span class='ocr_line' id='line_1_21' title="bbox 171 2485 1278 2562; baseline 0.002 -22"><span class='ocrx_word' id='word_1_167' title='bbox 171 2485 348 2560; x_wconf 74' lang='grc' dir='ltr'><em>Ἀριστοτέλης</em></span> <span class='ocrx_word' id='word_1_168' title='bbox 365 2488 380 2542; x_wconf 87' lang='grc' dir='ltr'>ὁ</span> <span class='ocrx_word' id='word_1_169' title='bbox 400 2485 569 2548; x_wconf 63' lang='lat' dir='ltr'>retenturos</span> <span class='ocrx_word' id='word_1_170' title='bbox 587 2485 785 2558; x_wconf 80' lang='grc' dir='ltr'><em>δὲΛαμψάκης</em></span> <span class='ocrx_word' id='word_1_171' title='bbox 805 2487 820 2540; x_wconf 89' lang='grc' dir='ltr'>ὁ</span> <span class='ocrx_word' id='word_1_172' title='bbox 842 2485 972 2562; x_wconf 66' lang='lat' dir='ltr'>espanes.</span> <span class='ocrx_word' id='word_1_173' title='bbox 990 2488 1022 2544; x_wconf 82' lang='lat' dir='ltr'>h.</span> <span class='ocrx_word' id='word_1_174' title='bbox 1094 2489 1159 2545; x_wconf 77' lang='lat' dir='ltr'>Erat</span> <span class='ocrx_word' id='word_1_175' title='bbox 1169 2489 1236 2557; x_wconf 79' lang='lat' dir='ltr'>fehlt</span> <span class='ocrx_word' id='word_1_176' title='bbox 1245 2490 1278 2543; x_wconf 93' lang='lat' dir='ltr'>D.</span> 
     </span>
     <span class='ocr_line' id='line_1_22' title="bbox 178 2569 1278 2644; baseline 0.002 -16"><span class='ocrx_word' id='word_1_177' title='bbox 178 2573 301 2644; x_wconf 81' lang='lat' dir='ltr'>quideem</span> <span class='ocrx_word' id='word_1_178' title='bbox 322 2577 351 2629; x_wconf 90' lang='lat' dir='ltr'>L.</span> <span class='ocrx_word' id='word_1_179' title='bbox 388 2575 521 2644; x_wconf 73' lang='lat' dir='ltr'>quoddam</span> <span class='ocrx_word' id='word_1_180' title='bbox 540 2575 573 2628; x_wconf 92' lang='lat' dir='ltr'>D.</span> <span class='ocrx_word' id='word_1_181' title='bbox 683 2575 708 2628; x_wconf 81' lang='lat'>2.</span> <span class='ocrx_word' id='word_1_182' title='bbox 739 2577 768 2628; x_wconf 88' lang='lat' dir='ltr'>et</span> <span class='ocrx_word' id='word_1_183' title='bbox 790 2574 840 2628; x_wconf 88' lang='lat' dir='ltr'>sibi</span> <span class='ocrx_word' id='word_1_184' title='bbox 861 2606 893 2614; x_wconf 91' lang='lat'>—</span> <span class='ocrx_word' id='word_1_185' title='bbox 913 2575 1134 2634; x_wconf 72' lang='lat' dir='ltr'>meditamentum</span> <span class='ocrx_word' id='word_1_186' title='bbox 1158 2569 1227 2643; x_wconf 79' lang='lat' dir='ltr'>&#39;fehlt</span> <span class='ocrx_word' id='word_1_187' title='bbox 1243 2577 1278 2630; x_wconf 91' lang='grc' dir='ltr'>Η.</span> 
     </span>
     <span class='ocr_line' id='line_1_23' title="bbox 178 2661 1278 2732; baseline 0.002 -18"><span class='ocrx_word' id='word_1_188' title='bbox 178 2661 204 2714; x_wconf 81' lang='grc'>4.</span> <span class='ocrx_word' id='word_1_189' title='bbox 228 2662 347 2731; x_wconf 82' lang='lat' dir='ltr'>eequitie</span> <span class='ocrx_word' id='word_1_190' title='bbox 368 2661 422 2716; x_wconf 80' lang='lat' dir='ltr'>LA.</span> <span class='ocrx_word' id='word_1_191' title='bbox 462 2661 583 2731; x_wconf 82' lang='lat' dir='ltr'>oequicie</span> <span class='ocrx_word' id='word_1_192' title='bbox 604 2661 638 2714; x_wconf 88' lang='lat' dir='ltr'>H.</span> <span class='ocrx_word' id='word_1_193' title='bbox 681 2661 783 2730; x_wconf 68' lang='lat' dir='ltr'>equitis</span> <span class='ocrx_word' id='word_1_194' title='bbox 807 2662 841 2714; x_wconf 85' lang='lat' dir='ltr'>D.</span> <span class='ocrx_word' id='word_1_195' title='bbox 946 2662 1088 2732; x_wconf 75' lang='lat' dir='ltr'>spectabili</span> <span class='ocrx_word' id='word_1_196' title='bbox 1112 2663 1198 2718; x_wconf 82' lang='lat' dir='ltr'>terme</span> <span class='ocrx_word' id='word_1_197' title='bbox 1220 2665 1278 2717; x_wconf 87' lang='lat' dir='ltr'>DR.</span> 
     </span>
     <span class='ocr_line' id='line_1_24' title="bbox 179 2747 1279 2820; baseline 0.002 -18"><span class='ocrx_word' id='word_1_198' title='bbox 179 2747 203 2802; x_wconf 87' lang='lat'>5.</span> <span class='ocrx_word' id='word_1_199' title='bbox 223 2749 279 2817; x_wconf 85' lang='lat' dir='ltr'>regi</span> <span class='ocrx_word' id='word_1_200' title='bbox 295 2748 363 2814; x_wconf 76' lang='lat' dir='ltr'>fehlt</span> <span class='ocrx_word' id='word_1_201' title='bbox 379 2749 437 2802; x_wconf 76' lang='grc' dir='ltr'>ΒΕ.</span> <span class='ocrx_word' id='word_1_202' title='bbox 523 2747 591 2802; x_wconf 90' lang='lat' dir='ltr'>illud</span> <span class='ocrx_word' id='word_1_203' title='bbox 608 2747 643 2801; x_wconf 90' lang='grc' dir='ltr'>Η.</span> <span class='ocrx_word' id='word_1_204' title='bbox 748 2749 774 2802; x_wconf 87' lang='grc'>6.</span> <span class='ocrx_word' id='word_1_205' title='bbox 792 2747 875 2802; x_wconf 84' lang='lat' dir='ltr'>luisse</span> <span class='ocrx_word' id='word_1_206' title='bbox 893 2749 992 2818; x_wconf 83' lang='lat' dir='ltr'>regulis</span> <span class='ocrx_word' id='word_1_207' title='bbox 1010 2750 1117 2820; x_wconf 82' lang='lat' dir='ltr'>generis</span> <span class='ocrx_word' id='word_1_208' title='bbox 1134 2751 1165 2804; x_wconf 87' lang='lat' dir='ltr'>R.</span> <span class='ocrx_word' id='word_1_209' title='bbox 1195 2750 1279 2805; x_wconf 84' lang='lat' dir='ltr'>tuisse</span> 
     </span>
     <span class='ocr_line' id='line_1_25' title="bbox 175 2833 1279 2908; baseline 0.003 -20"><span class='ocrx_word' id='word_1_210' title='bbox 175 2834 241 2900; x_wconf 80' lang='lat' dir='ltr'>fehlt</span> <span class='ocrx_word' id='word_1_211' title='bbox 263 2836 336 2890; x_wconf 82' lang='lat' dir='ltr'>DVe.</span> <span class='ocrx_word' id='word_1_212' title='bbox 442 2834 561 2890; x_wconf 76' lang='lat' dir='ltr'>fabulam</span> <span class='ocrx_word' id='word_1_213' title='bbox 581 2833 743 2904; x_wconf 78' lang='lat' dir='ltr'>opinabilem</span> <span class='ocrx_word' id='word_1_214' title='bbox 762 2835 810 2889; x_wconf 85' lang='lat' dir='ltr'>Ve.</span> <span class='ocrx_word' id='word_1_215' title='bbox 850 2834 942 2889; x_wconf 77' lang='grc' dir='ltr'><em>κάλλει</em></span> <span class='ocrx_word' id='word_1_216' title='bbox 966 2837 1132 2908; x_wconf 76' lang='grc' dir='ltr'><em>διαφέροντα</em></span> <span class='ocrx_word' id='word_1_217' title='bbox 1150 2843 1201 2891; x_wconf 88' lang='grc' dir='ltr'>τοῦ</span> <span class='ocrx_word' id='word_1_218' title='bbox 1219 2844 1279 2905; x_wconf 89' lang='grc' dir='ltr'>Πη-</span> 
     </span>
     <span class='ocr_line' id='line_1_26' title="bbox 178 2919 1278 2994; baseline 0.003 -18"><span class='ocrx_word' id='word_1_219' title='bbox 178 2921 267 2992; x_wconf 79' lang='grc' dir='ltr'><em>γάσου</em></span> <span class='ocrx_word' id='word_1_220' title='bbox 286 2919 423 2992; x_wconf 77' lang='grc' dir='ltr'><em>(πιγάσου</em></span> <span class='ocrx_word' id='word_1_221' title='bbox 442 2923 483 2992; x_wconf 83' lang='lat' dir='ltr'>L.)</span> <span class='ocrx_word' id='word_1_222' title='bbox 502 2921 578 2976; x_wconf 88' lang='lat' dir='ltr'><strong>LBC.</strong></span> <span class='ocrx_word' id='word_1_223' title='bbox 595 2921 663 2988; x_wconf 80' lang='lat' dir='ltr'>fehlt</span> <span class='ocrx_word' id='word_1_224' title='bbox 680 2921 712 2976; x_wconf 84' lang='lat' dir='ltr'>A.</span> <span class='ocrx_word' id='word_1_225' title='bbox 799 2938 885 2992; x_wconf 83' lang='lat' dir='ltr'>genus</span> <span class='ocrx_word' id='word_1_226' title='bbox 902 2922 1047 2978; x_wconf 79' lang='lat' dir='ltr'>formatum</span> <span class='ocrx_word' id='word_1_227' title='bbox 1060 2955 1088 2964; x_wconf 90' lang='lat'>-</span> <span class='ocrx_word' id='word_1_228' title='bbox 1105 2923 1184 2994; x_wconf 86' lang='lat' dir='ltr'>siqui</span> <span class='ocrx_word' id='word_1_229' title='bbox 1196 2924 1278 2979; x_wconf 84' lang='lat' dir='ltr'>luisse</span> 
     </span>
     <span class='ocr_line' id='line_1_27' title="bbox 175 3009 1277 3078; baseline 0.003 -15"><span class='ocrx_word' id='word_1_230' title='bbox 175 3009 243 3076; x_wconf 72' lang='lat' dir='ltr'>fehlt</span> <span class='ocrx_word' id='word_1_231' title='bbox 260 3009 290 3062; x_wconf 81' lang='lat' dir='ltr'>h.</span> <span class='ocrx_word' id='word_1_232' title='bbox 387 3009 631 3078; x_wconf 84' lang='lat' dir='ltr'>&#39;l.etsiequi1t.</span> <span class='ocrx_word' id='word_1_233' title='bbox 668 3011 696 3064; x_wconf 90' lang='lat' dir='ltr'>et</span> <span class='ocrx_word' id='word_1_234' title='bbox 714 3009 737 3062; x_wconf 86' lang='lat' dir='ltr'>si</span> <span class='ocrx_word' id='word_1_235' title='bbox 755 3011 800 3078; x_wconf 86' lang='lat' dir='ltr'>qui</span> <span class='ocrx_word' id='word_1_236' title='bbox 820 3010 946 3068; x_wconf 82' lang='lat' dir='ltr'><strong>HLABE.</strong></span> <span class='ocrx_word' id='word_1_237' title='bbox 1040 3011 1226 3066; x_wconf 66' lang='lat' dir='ltr'>laomedontis</span> <span class='ocrx_word' id='word_1_238' title='bbox 1245 3012 1277 3065; x_wconf 86' lang='lat' dir='ltr'>R.</span> 
     </span>
     <span class='ocr_line' id='line_1_28' title="bbox 178 3095 1280 3167; baseline 0.002 -17"><span class='ocrx_word' id='word_1_239' title='bbox 178 3095 346 3164; x_wconf 80' lang='lat' dir='ltr'>praedicetur</span> <span class='ocrx_word' id='word_1_240' title='bbox 358 3097 392 3150; x_wconf 91' lang='lat' dir='ltr'>H.</span> <span class='ocrx_word' id='word_1_241' title='bbox 482 3096 550 3149; x_wconf 89' lang='lat' dir='ltr'>etsi</span> <span class='ocrx_word' id='word_1_242' title='bbox 567 3095 609 3149; x_wconf 87' lang='lat' dir='ltr'>oni</span> <span class='ocrx_word' id='word_1_243' title='bbox 628 3095 744 3150; x_wconf 83' lang='lat' dir='ltr'>fuissent</span> <span class='ocrx_word' id='word_1_244' title='bbox 760 3096 937 3150; x_wconf 89' lang='lat' dir='ltr'>leeomedouti</span> <span class='ocrx_word' id='word_1_245' title='bbox 955 3097 1106 3152; x_wconf 90' lang='lat' dir='ltr'>huiusmodi</span> <span class='ocrx_word' id='word_1_246' title='bbox 1124 3099 1280 3167; x_wconf 81' lang='lat' dir='ltr'>praedicen-</span> 
     </span>
     <span class='ocr_line' id='line_1_29' title="bbox 177 3181 1281 3252; baseline 0.003 -16"><span class='ocrx_word' id='word_1_247' title='bbox 177 3185 222 3237; x_wconf 85' lang='lat' dir='ltr'>tur</span> <span class='ocrx_word' id='word_1_248' title='bbox 241 3184 275 3236; x_wconf 88' lang='lat' dir='ltr'>D.</span> <span class='ocrx_word' id='word_1_249' title='bbox 312 3186 340 3237; x_wconf 86' lang='lat' dir='ltr'>ot</span> <span class='ocrx_word' id='word_1_250' title='bbox 358 3185 381 3237; x_wconf 84' lang='lat' dir='ltr'>si</span> <span class='ocrx_word' id='word_1_251' title='bbox 399 3183 458 3252; x_wconf 90' lang='lat' dir='ltr'>quis</span> <span class='ocrx_word' id='word_1_252' title='bbox 475 3182 558 3236; x_wconf 85' lang='lat' dir='ltr'>fuisse</span> <span class='ocrx_word' id='word_1_253' title='bbox 577 3181 750 3236; x_wconf 83' lang='lat' dir='ltr'>Leomedonti</span> <span class='ocrx_word' id='word_1_254' title='bbox 773 3183 902 3238; x_wconf 89' lang='lat' dir='ltr'>eiusmodi</span> <span class='ocrx_word' id='word_1_255' title='bbox 921 3183 1100 3252; x_wconf 82' lang='lat' dir='ltr'>praedicatus.</span> <span class='ocrx_word' id='word_1_256' title='bbox 1121 3185 1168 3240; x_wconf 85' lang='lat' dir='ltr'>Vc.</span> <span class='ocrx_word' id='word_1_257' title='bbox 1209 3185 1281 3240; x_wconf 78' lang='lat' dir='ltr'>Hier</span> 
     </span>
     <span class='ocr_line' id='line_1_30' title="bbox 177 3268 1280 3340; baseline 0.001 -16"><span class='ocrx_word' id='word_1_258' title='bbox 177 3269 285 3338; x_wconf 78' lang='lat' dir='ltr'>hepirrnt</span> <span class='ocrx_word' id='word_1_259' title='bbox 301 3269 352 3324; x_wconf 80' lang='lat' dir='ltr'>doe</span> <span class='ocrx_word' id='word_1_260' title='bbox 369 3277 436 3325; x_wconf 70' lang='lat' dir='ltr'>ersis</span> <span class='ocrx_word' id='word_1_261' title='bbox 453 3285 507 3324; x_wconf 81' lang='lat' dir='ltr'>verr</span> <span class='ocrx_word' id='word_1_262' title='bbox 525 3269 589 3322; x_wconf 79' lang='lat' dir='ltr'>Mai</span> <span class='ocrx_word' id='word_1_263' title='bbox 605 3268 774 3339; x_wconf 69' lang='lat' dir='ltr'>mityetherlte</span> <span class='ocrx_word' id='word_1_264' title='bbox 791 3270 867 3324; x_wconf 71' lang='lat' dir='ltr'>ethelo</span> <span class='ocrx_word' id='word_1_265' title='bbox 887 3287 939 3324; x_wconf 75' lang='lat' dir='ltr'>ores</span> <span class='ocrx_word' id='word_1_266' title='bbox 963 3269 1022 3325; x_wconf 79' lang='lat' dir='ltr'>dem</span> <span class='ocrx_word' id='word_1_267' title='bbox 1044 3269 1162 3325; x_wconf 80' lang='lat' dir='ltr'>Turiner</span> <span class='ocrx_word' id='word_1_268' title='bbox 1181 3271 1280 3340; x_wconf 82' lang='lat' dir='ltr'>polim-</span> 
     </span>
     <span class='ocr_line' id='line_1_31' title="bbox 173 3357 1282 3428; baseline 0.004 -18"><span class='ocrx_word' id='word_1_269' title='bbox 173 3363 282 3424; x_wconf 77' lang='lat' dir='ltr'>psesten</span> <span class='ocrx_word' id='word_1_270' title='bbox 300 3357 386 3426; x_wconf 81' lang='lat' dir='ltr'><strong>(Va.):</strong></span> <span class='ocrx_word' id='word_1_271' title='bbox 417 3357 479 3426; x_wconf 89' lang='lat' dir='ltr'>equi</span> <span class='ocrx_word' id='word_1_272' title='bbox 503 3357 586 3410; x_wconf 84' lang='lat' dir='ltr'>fuisse</span> <span class='ocrx_word' id='word_1_273' title='bbox 606 3357 793 3412; x_wconf 76' lang='lat' dir='ltr'>Laomedontis</span> <span class='ocrx_word' id='word_1_274' title='bbox 817 3357 947 3412; x_wconf 89' lang='lat' dir='ltr'>eiusmodi</span> <span class='ocrx_word' id='word_1_275' title='bbox 970 3357 1164 3428; x_wconf 73' lang='lat' dir='ltr'>praedicentur.</span> <span class='ocrx_word' id='word_1_276' title='bbox 1199 3357 1282 3414; x_wconf 78' lang='lat' dir='ltr'>Dr&#39;ese</span> 
     </span>
     <span class='ocr_line' id='line_1_32' title="bbox 175 3443 1279 3513; baseline 0.005 -17"><span class='ocrx_word' id='word_1_277' title='bbox 175 3459 260 3512; x_wconf 68' lang='lat' dir='ltr'>panse</span> <span class='ocrx_word' id='word_1_278' title='bbox 278 3443 379 3512; x_wconf 78' lang='lat' dir='ltr'>phrase</span> <span class='ocrx_word' id='word_1_279' title='bbox 401 3443 468 3510; x_wconf 80' lang='lat' dir='ltr'>fehlt</span> <span class='ocrx_word' id='word_1_280' title='bbox 485 3444 516 3498; x_wconf 81' lang='lat' dir='ltr'>r&#39;rr</span> <span class='ocrx_word' id='word_1_281' title='bbox 533 3443 584 3498; x_wconf 78' lang='lat' dir='ltr'>dere</span> <span class='ocrx_word' id='word_1_282' title='bbox 601 3443 781 3513; x_wconf 75' lang='lat' dir='ltr'>prr&#39;eehisehen</span> <span class='ocrx_word' id='word_1_283' title='bbox 798 3450 886 3500; x_wconf 74' lang='lat' dir='ltr'>osten</span> <span class='ocrx_word' id='word_1_284' title='bbox 906 3445 1007 3500; x_wconf 85' lang='lat' dir='ltr'><strong>ALBC.</strong></span> <span class='ocrx_word' id='word_1_285' title='bbox 1113 3446 1139 3500; x_wconf 86' lang='grc'>8.</span> <span class='ocrx_word' id='word_1_286' title='bbox 1158 3445 1279 3502; x_wconf 81' lang='lat' dir='ltr'>Addunt·</span> 
     </span>
     <span class='ocr_line' id='line_1_33' title="bbox 177 3530 1279 3603; baseline 0.004 -19"><span class='ocrx_word' id='word_1_287' title='bbox 177 3547 228 3600; x_wconf 87' lang='lat' dir='ltr'>que</span> <span class='ocrx_word' id='word_1_288' title='bbox 246 3531 276 3584; x_wconf 90' lang='lat' dir='ltr'>B.</span> <span class='ocrx_word' id='word_1_289' title='bbox 311 3530 421 3585; x_wconf 87' lang='lat' dir='ltr'>Addunt</span> <span class='ocrx_word' id='word_1_290' title='bbox 439 3547 501 3586; x_wconf 83' lang='lat' dir='ltr'>vero</span> <span class='ocrx_word' id='word_1_291' title='bbox 520 3535 548 3585; x_wconf 88' lang='lat' dir='ltr'>et</span> <span class='ocrx_word' id='word_1_292' title='bbox 564 3533 641 3586; x_wconf 87' lang='lat' dir='ltr'>eiunt</span> <span class='ocrx_word' id='word_1_293' title='bbox 658 3532 689 3586; x_wconf 83' lang='lat' dir='ltr'>R.</span> <span class='ocrx_word' id='word_1_294' title='bbox 726 3531 885 3588; x_wconf 76' lang='lat' dir='ltr'>addiderunt</span> <span class='ocrx_word' id='word_1_295' title='bbox 903 3533 1020 3588; x_wconf 81' lang='lat' dir='ltr'>dieentes</span> <span class='ocrx_word' id='word_1_296' title='bbox 1038 3533 1073 3587; x_wconf 91' lang='grc' dir='ltr'>Η.</span> <span class='ocrx_word' id='word_1_297' title='bbox 1101 3533 1236 3603; x_wconf 85' lang='lat' dir='ltr'>Additque</span> <span class='ocrx_word' id='word_1_298' title='bbox 1249 3535 1279 3588; x_wconf 87' lang='lat' dir='ltr'>L.</span> 
     </span>
     <span class='ocr_line' id='line_1_34' title="bbox 175 3615 1281 3690; baseline 0.005 -20"><span class='ocrx_word' id='word_1_299' title='bbox 175 3615 339 3686; x_wconf 83' lang='lat' dir='ltr'>Addiditque</span> <span class='ocrx_word' id='word_1_300' title='bbox 358 3617 439 3671; x_wconf 78' lang='lat' dir='ltr'>Anu.</span> <span class='ocrx_word' id='word_1_301' title='bbox 475 3617 528 3672; x_wconf 85' lang='lat' dir='ltr'>Sed</span> <span class='ocrx_word' id='word_1_302' title='bbox 546 3617 622 3672; x_wconf 84' lang='lat' dir='ltr'>sddit</span> <span class='ocrx_word' id='word_1_303' title='bbox 646 3619 764 3688; x_wconf 88' lang='lat' dir='ltr'>equisius</span> <span class='ocrx_word' id='word_1_304' title='bbox 781 3619 828 3673; x_wconf 88' lang='lat' dir='ltr'>Ve.</span> <span class='ocrx_word' id='word_1_305' title='bbox 856 3619 917 3688; x_wconf 73' lang='lat' dir='ltr'>(syl.</span> <span class='ocrx_word' id='word_1_306' title='bbox 935 3619 1024 3674; x_wconf 85' lang='lat' dir='ltr'>Gloss.</span> <span class='ocrx_word' id='word_1_307' title='bbox 1043 3619 1127 3690; x_wconf 70' lang='lat' dir='ltr'>Cyrri,</span> <span class='ocrx_word' id='word_1_308' title='bbox 1152 3619 1281 3675; x_wconf 80' lang='grc' dir='ltr'><em>Ἱπποκό-</em></span> 
     </span>
     <span class='ocr_line' id='line_1_35' title="bbox 175 3703 1281 3777; baseline 0.002 -19"><span class='ocrx_word' id='word_1_309' title='bbox 175 3723 245 3776; x_wconf 82' lang='grc' dir='ltr'><em>μος,</em></span> <span class='ocrx_word' id='word_1_310' title='bbox 276 3719 372 3772; x_wconf 79' lang='lat' dir='ltr'>agaso,</span> <span class='ocrx_word' id='word_1_311' title='bbox 403 3703 517 3773; x_wconf 86' lang='lat' dir='ltr'>equilio;</span> <span class='ocrx_word' id='word_1_312' title='bbox 553 3703 642 3759; x_wconf 80' lang='lat' dir='ltr'>Gloss.</span> <span class='ocrx_word' id='word_1_313' title='bbox 662 3705 773 3760; x_wconf 74' lang='lat' dir='ltr'>Phrlox.</span> <span class='ocrx_word' id='word_1_314' title='bbox 794 3706 919 3776; x_wconf 82' lang='lat' dir='ltr'>Equisio,</span> <span class='ocrx_word' id='word_1_315' title='bbox 951 3705 1134 3777; x_wconf 77' lang='grc' dir='ltr'><em>ἱπποκόμος.)</em></span> <span class='ocrx_word' id='word_1_316' title='bbox 1177 3705 1217 3760; x_wconf 79' lang='lat' dir='ltr'>In</span> <span class='ocrx_word' id='word_1_317' title='bbox 1239 3707 1281 3762; x_wconf 87' lang='lat' dir='ltr'>Va</span> 
     </span>
     <span class='ocr_line' id='line_1_36' title="bbox 175 3789 1280 3868; baseline 0.003 -25"><span class='ocrx_word' id='word_1_318' title='bbox 175 3789 300 3844; x_wconf 80' lang='lat' dir='ltr'>scheirrerr</span> <span class='ocrx_word' id='word_1_319' title='bbox 317 3789 360 3844; x_wconf 75' lang='lat' dir='ltr'>dre</span> <span class='ocrx_word' id='word_1_320' title='bbox 379 3790 555 3858; x_wconf 75' lang='lat' dir='ltr'>hetreffenderr</span> <span class='ocrx_word' id='word_1_321' title='bbox 572 3798 654 3846; x_wconf 78' lang='lat' dir='ltr'>roone</span> <span class='ocrx_word' id='word_1_322' title='bbox 671 3792 807 3846; x_wconf 82' lang='lat' dir='ltr'>erlosohen</span> <span class='ocrx_word' id='word_1_323' title='bbox 829 3808 864 3846; x_wconf 79' lang='grc' dir='ltr'>ιιι</span> <span class='ocrx_word' id='word_1_324' title='bbox 881 3793 946 3846; x_wconf 80' lang='lat' dir='ltr'>sehr.</span> <span class='ocrx_word' id='word_1_325' title='bbox 993 3796 1028 3848; x_wconf 82' lang='grc' dir='ltr'>Οἱ</span> <span class='ocrx_word' id='word_1_326' title='bbox 1049 3793 1080 3847; x_wconf 77' lang='lat' dir='ltr'>dt</span> <span class='ocrx_word' id='word_1_327' title='bbox 1099 3796 1280 3868; x_wconf 73' lang='grc' dir='ltr'><em>ἱπποφορβοὶ</em></span> 
     </span>
     <span class='ocr_line' id='line_1_37' title="bbox 176 3875 1280 3950; baseline 0.005 -21"><span class='ocrx_word' id='word_1_328' title='bbox 176 3875 344 3950; x_wconf 76' lang='grc' dir='ltr'><em>(ἱπποφόροι</em></span> <span class='ocrx_word' id='word_1_329' title='bbox 364 3876 407 3946; x_wconf 92' lang='lat' dir='ltr'>L.)</span> <span class='ocrx_word' id='word_1_330' title='bbox 428 3877 520 3932; x_wconf 72' lang='lat' dir='ltr'>rinos.</span> <span class='ocrx_word' id='word_1_331' title='bbox 542 3877 616 3933; x_wconf 68' lang='grc' dir='ltr'><strong>11Βο.</strong></span> <span class='ocrx_word' id='word_1_332' title='bbox 642 3875 759 3946; x_wconf 73' lang='lat' dir='ltr'>schith.</span> <span class='ocrx_word' id='word_1_333' title='bbox 872 3895 953 3934; x_wconf 89' lang='grc'><strong>111111111</strong></span> <span class='ocrx_word' id='word_1_334' title='bbox 979 3879 1086 3950; x_wconf 88' lang='lat' dir='ltr'>quidem</span> <span class='ocrx_word' id='word_1_335' title='bbox 1104 3879 1162 3934; x_wconf 86' lang='lat' dir='ltr'>HR.</span> <span class='ocrx_word' id='word_1_336' title='bbox 1197 3895 1280 3934; x_wconf 87' lang='lat' dir='ltr'>unum</span> 
     </span>
     <span class='ocr_line' id='line_1_38' title="bbox 175 3962 1280 4034; baseline 0.005 -18"><span class='ocrx_word' id='word_1_337' title='bbox 175 3962 264 4033; x_wconf 88' lang='lat' dir='ltr'>inquit</span> <span class='ocrx_word' id='word_1_338' title='bbox 280 3963 357 4018; x_wconf 70' lang='grc' dir='ltr'><strong>ΒΑΕ.</strong></span> <span class='ocrx_word' id='word_1_339' title='bbox 393 3981 475 4020; x_wconf 85' lang='lat' dir='ltr'>unum</span> <span class='ocrx_word' id='word_1_340' title='bbox 491 3965 618 4034; x_wconf 89' lang='lat' dir='ltr'>inquiunt</span> <span class='ocrx_word' id='word_1_341' title='bbox 634 3965 666 4020; x_wconf 89' lang='grc' dir='ltr'>Β.</span> <span class='ocrx_word' id='word_1_342' title='bbox 772 3967 815 4018; x_wconf 85' lang='lat' dir='ltr'>est</span> <span class='ocrx_word' id='word_1_343' title='bbox 830 3965 869 4019; x_wconf 92' lang='lat' dir='ltr'>illi</span> <span class='ocrx_word' id='word_1_344' title='bbox 888 3967 924 4019; x_wconf 88' lang='grc' dir='ltr'>Η.</span> <span class='ocrx_word' id='word_1_345' title='bbox 1028 3965 1165 4021; x_wconf 90' lang='lat' dir='ltr'>beluinum</span> <span class='ocrx_word' id='word_1_346' title='bbox 1181 3966 1213 4020; x_wconf 91' lang='lat' dir='ltr'>B.</span> <span class='ocrx_word' id='word_1_347' title='bbox 1256 3968 1280 4022; x_wconf 89' lang='lat' dir='ltr'>ei</span> 
     </span>
     <span class='ocr_line' id='line_1_39' title="bbox 175 4049 1280 4108; baseline 0.004 -4"><span class='ocrx_word' id='word_1_348' title='bbox 175 4049 311 4105; x_wconf 89' lang='lat' dir='ltr'>beluinum</span> <span class='ocrx_word' id='word_1_349' title='bbox 336 4054 379 4106; x_wconf 87' lang='lat' dir='ltr'>est</span> <span class='ocrx_word' id='word_1_350' title='bbox 405 4051 437 4104; x_wconf 88' lang='lat' dir='ltr'>R.</span> <span class='ocrx_word' id='word_1_351' title='bbox 474 4052 499 4105; x_wconf 90' lang='lat' dir='ltr'>ei</span> <span class='ocrx_word' id='word_1_352' title='bbox 520 4069 602 4106; x_wconf 88' lang='lat' dir='ltr'>unum</span> <span class='ocrx_word' id='word_1_353' title='bbox 628 4067 686 4106; x_wconf 90' lang='lat' dir='ltr'>esse</span> <span class='ocrx_word' id='word_1_354' title='bbox 712 4050 848 4106; x_wconf 88' lang='lat' dir='ltr'>beluinum</span> <span class='ocrx_word' id='word_1_355' title='bbox 866 4053 898 4105; x_wconf 91' lang='lat' dir='ltr'>D.</span> <span class='ocrx_word' id='word_1_356' title='bbox 940 4052 987 4107; x_wconf 87' lang='lat' dir='ltr'>sed</span> <span class='ocrx_word' id='word_1_357' title='bbox 1006 4055 1048 4107; x_wconf 88' lang='lat' dir='ltr'>est</span> <span class='ocrx_word' id='word_1_358' title='bbox 1075 4053 1100 4107; x_wconf 91' lang='lat' dir='ltr'>ei</span> <span class='ocrx_word' id='word_1_359' title='bbox 1122 4053 1217 4108; x_wconf 83' lang='lat' dir='ltr'>vitium</span> <span class='ocrx_word' id='word_1_360' title='bbox 1235 4053 1280 4108; x_wconf 89' lang='lat' dir='ltr'>be-</span> 
     </span>
     <span class='ocr_line' id='line_1_40' title="bbox 174 4137 1281 4208; baseline 0.004 -18"><span class='ocrx_word' id='word_1_361' title='bbox 174 4137 239 4192; x_wconf 89' lang='lat' dir='ltr'>luile</span> <span class='ocrx_word' id='word_1_362' title='bbox 257 4138 304 4193; x_wconf 86' lang='lat' dir='ltr'>lle.</span> <span class='ocrx_word' id='word_1_363' title='bbox 347 4138 394 4192; x_wconf 90' lang='lat' dir='ltr'>sed</span> <span class='ocrx_word' id='word_1_364' title='bbox 423 4140 451 4193; x_wconf 88' lang='lat' dir='ltr'>et</span> <span class='ocrx_word' id='word_1_365' title='bbox 475 4139 569 4193; x_wconf 79' lang='lat' dir='ltr'>vitium</span> <span class='ocrx_word' id='word_1_366' title='bbox 588 4139 687 4194; x_wconf 89' lang='lat' dir='ltr'>heluile</span> <span class='ocrx_word' id='word_1_367' title='bbox 705 4139 753 4192; x_wconf 78' lang='lat' dir='ltr'>Vs.</span> <span class='ocrx_word' id='word_1_368' title='bbox 789 4137 871 4192; x_wconf 79' lang='lat' dir='ltr'>Dr&#39;ese</span> <span class='ocrx_word' id='word_1_369' title='bbox 884 4139 987 4206; x_wconf 83' lang='lat' dir='ltr'>phrase</span> <span class='ocrx_word' id='word_1_370' title='bbox 1012 4139 1080 4206; x_wconf 78' lang='lat' dir='ltr'>fehlt</span> <span class='ocrx_word' id='word_1_371' title='bbox 1097 4140 1127 4193; x_wconf 81' lang='lat' dir='ltr'>r&#39;n</span> <span class='ocrx_word' id='word_1_372' title='bbox 1143 4139 1196 4194; x_wconf 78' lang='lat' dir='ltr'>dm</span> <span class='ocrx_word' id='word_1_373' title='bbox 1211 4141 1281 4208; x_wconf 69' lang='lat' dir='ltr'>pne·</span> 
     </span>
     <span class='ocr_line' id='line_1_41' title="bbox 174 4223 1280 4292; baseline 0.004 -14"><span class='ocrx_word' id='word_1_374' title='bbox 174 4223 298 4280; x_wconf 80' lang='lat' dir='ltr'>ehisehen</span> <span class='ocrx_word' id='word_1_375' title='bbox 319 4231 410 4282; x_wconf 71' lang='lat' dir='ltr'>reson</span> <span class='ocrx_word' id='word_1_376' title='bbox 432 4225 534 4282; x_wconf 77' lang='lat' dir='ltr'><strong>ALBC.</strong></span> <span class='ocrx_word' id='word_1_377' title='bbox 641 4229 665 4282; x_wconf 88' lang='lat'>9.</span> <span class='ocrx_word' id='word_1_378' title='bbox 689 4227 717 4280; x_wconf 90' lang='lat' dir='ltr'>iu</span> <span class='ocrx_word' id='word_1_379' title='bbox 736 4225 803 4292; x_wconf 80' lang='lat' dir='ltr'>fehlt</span> <span class='ocrx_word' id='word_1_380' title='bbox 825 4224 858 4279; x_wconf 79' lang='lat' dir='ltr'>A.</span> <span class='ocrx_word' id='word_1_381' title='bbox 964 4226 1146 4282; x_wconf 82' lang='lat' dir='ltr'>huiuscemodi</span> <span class='ocrx_word' id='word_1_382' title='bbox 1169 4227 1216 4281; x_wconf 90' lang='lat' dir='ltr'>Ve.</span> <span class='ocrx_word' id='word_1_383' title='bbox 1252 4228 1280 4282; x_wconf 90' lang='lat' dir='ltr'>in</span> 
     </span>
     <span class='ocr_line' id='line_1_42' title="bbox 175 4309 1281 4382; baseline 0.004 -17"><span class='ocrx_word' id='word_1_384' title='bbox 175 4309 327 4367; x_wconf 88' lang='lat' dir='ltr'>huiusmodi</span> <span class='ocrx_word' id='word_1_385' title='bbox 345 4312 472 4382; x_wconf 77' lang='lat' dir='ltr'>pabulose</span> <span class='ocrx_word' id='word_1_386' title='bbox 490 4312 559 4367; x_wconf 85' lang='lat' dir='ltr'>fouit</span> <span class='ocrx_word' id='word_1_387' title='bbox 574 4313 608 4366; x_wconf 92' lang='lat' dir='ltr'>D.</span> <span class='ocrx_word' id='word_1_388' title='bbox 644 4327 758 4382; x_wconf 82' lang='lat' dir='ltr'>nemque</span> <span class='ocrx_word' id='word_1_389' title='bbox 782 4313 814 4366; x_wconf 90' lang='lat' dir='ltr'>ut</span> <span class='ocrx_word' id='word_1_390' title='bbox 830 4311 950 4366; x_wconf 88' lang='lat' dir='ltr'>homines</span> <span class='ocrx_word' id='word_1_391' title='bbox 978 4311 1052 4367; x_wconf 88' lang='lat' dir='ltr'>ridet</span> <span class='ocrx_word' id='word_1_392' title='bbox 1074 4312 1103 4366; x_wconf 91' lang='lat' dir='ltr'>in</span> <span class='ocrx_word' id='word_1_393' title='bbox 1121 4311 1281 4369; x_wconf 75' lang='lat' dir='ltr'>eiuscemodi</span> 
     </span>
     <span class='ocr_line' id='line_1_43' title="bbox 175 4396 1281 4474; baseline 0.002 -22"><span class='ocrx_word' id='word_1_394' title='bbox 175 4398 316 4467; x_wconf 82' lang='lat' dir='ltr'>(eiusmodi</span> <span class='ocrx_word' id='word_1_395' title='bbox 333 4399 376 4470; x_wconf 83' lang='lat' dir='ltr'>R.)</span> <span class='ocrx_word' id='word_1_396' title='bbox 396 4399 523 4468; x_wconf 76' lang='lat' dir='ltr'>pabulum</span> <span class='ocrx_word' id='word_1_397' title='bbox 544 4400 630 4455; x_wconf 74' lang='lat' dir='ltr'>saevit</span> <span class='ocrx_word' id='word_1_398' title='bbox 648 4400 721 4454; x_wconf 84' lang='lat' dir='ltr'><strong>RVa.</strong></span> <span class='ocrx_word' id='word_1_399' title='bbox 758 4396 987 4474; x_wconf 73' lang='grc' dir='ltr'><em>ἅνθρωποφάγος</em></span> <span class='ocrx_word' id='word_1_400' title='bbox 1005 4400 1091 4452; x_wconf 72' lang='grc' dir='ltr'><em>ἐστίν.</em></span> <span class='ocrx_word' id='word_1_401' title='bbox 1118 4399 1196 4456; x_wconf 78' lang='lat' dir='ltr'><strong>LEO.</strong></span> <span class='ocrx_word' id='word_1_402' title='bbox 1232 4401 1281 4456; x_wconf 79' lang='grc' dir='ltr'>ἆν-</span> 
     </span>
     <span class='ocr_line' id='line_1_44' title="bbox 175 4485 1284 4560; baseline 0.002 -22"><span class='ocrx_word' id='word_1_403' title='bbox 175 4485 369 4560; x_wconf 76' lang='grc' dir='ltr'><em>θρωποφᾶγον</em></span> <span class='ocrx_word' id='word_1_404' title='bbox 398 4488 485 4542; x_wconf 78' lang='grc' dir='ltr'><em>αὐτὸν</em></span> <span class='ocrx_word' id='word_1_405' title='bbox 514 4487 622 4560; x_wconf 80' lang='grc' dir='ltr'><em>ἔφασαν</em></span> <span class='ocrx_word' id='word_1_406' title='bbox 652 4487 732 4542; x_wconf 67' lang='grc' dir='ltr'><em>εἶναι.</em></span> <span class='ocrx_word' id='word_1_407' title='bbox 762 4485 793 4540; x_wconf 78' lang='lat' dir='ltr'>A.</span> <span class='ocrx_word' id='word_1_408' title='bbox 840 4485 984 4554; x_wconf 66' lang='lat' dir='ltr'>„inem</span> <span class='ocrx_word' id='word_1_409' title='bbox 1008 4492 1104 4542; x_wconf 79' lang='lat' dir='ltr'>auctor</span> <span class='ocrx_word' id='word_1_410' title='bbox 1129 4489 1160 4542; x_wconf 73' lang='lat' dir='ltr'>r&#39;rr</span> <span class='ocrx_word' id='word_1_411' title='bbox 1183 4486 1284 4557; x_wconf 64' lang='lat' dir='ltr'>Maeni</span> 
     </span>
     <span class='ocr_line' id='line_1_45' title="bbox 221 4581 1064 4644; baseline 0.005 -10"><span class='ocrx_word' id='word_1_412' title='bbox 221 4593 238 4634; x_wconf 91' lang='lat'>1.</span> <span class='ocrx_word' id='word_1_413' title='bbox 253 4593 340 4636; x_wconf 81' lang='lat' dir='ltr'>Vslsrtt</span> <span class='ocrx_word' id='word_1_414' title='bbox 354 4593 460 4644; x_wconf 82' lang='lat' dir='ltr'>epitome.</span> <span class='ocrx_word' id='word_1_415' title='bbox 1045 4581 1064 4638; x_wconf 78' lang='lat'><strong>2</strong></span> 
     </span>
    </p>
   </div>
   <div class='ocr_carea' id='block_1_4' title="bbox 0 0 1613 5024">
    <p class='ocr_par' dir='ltr' id='par_1_5' title="bbox 0 0 1613 5024">
     <span class='ocr_line' id='line_1_46' title="bbox 0 0 1613 5024; baseline 0 0"><span class='ocrx_word' id='word_1_416' title='bbox 0 0 1613 5024; x_wconf 95' lang='lat' dir='ltr'> </span> 
     </span>
    </p>
   </div>
  </div>
 </body>
</html>
