3208 5024
722 454 779 518 ΠΙ,
799 455 826 510 3.
1296 459 1331 513 53

220 618 294 684 Pori
314 617 430 682 littaris
447 615 623 680 Alexander
643 633 749 680 coram
772 617 838 680 suis
860 617 1001 682 recitatis
1024 619 1161 699 primum
1175 620 1330 697 hortatur,

219 740 258 785 ne
279 721 458 785 temeritate
481 717 647 782 verborum
677 719 954 796 conturbarentur,
985 721 1220 787 reminiscentes
1242 723 1331 786 Darii

220 823 362 887 crebram
396 821 579 885 iactantiam
611 820 685 884 huic
717 839 780 894 non
812 840 880 885 esse
911 821 1072 903 imparem.
1125 826 1158 905 [7
1174 827 1211 886 hl.
1245 826 1328 906 sla]

220 923 340 988 Deinde
363 923 403 987 ad
426 925 544 987 Porum
574 923 651 988 talia
671 923 795 988 scribit:
834 925 985 1002 „Terreri
1007 943 1063 988 nos
1085 927 1214 1013 putans,
1240 927 1329 1002 Pore,

220 1027 334 1090 litteris
354 1027 432 1103 tuis,
460 1025 552 1103 dicis,
580 1027 659 1090 nibil
682 1027 813 1109 dignum
832 1026 969 1092 Graecos
998 1027 1112 1092 babere
1135 1029 1174 1092 ad
1198 1025 1366 1110 epulan-5

220 1131 299 1194 dam
319 1131 465 1193 rosham
510 1127 609 1193 Addis
632 1131 810 1211 praeterea,
840 1148 951 1211 operae
974 1130 1109 1212 pretium
1140 1129 1329 1196 considerari

220 1231 447 1307 militantibus,
484 1251 522 1294 ne
551 1231 667 1296 frastra
690 1232 859 1296 laboretur.
904 1231 1024 1311 Quibus
1055 1233 1198 1298 omnibus
1226 1233 1328 1312 doces,

221 1353 282 1416 qno
309 1353 366 1398 nos
396 1333 531 1398 alacrius
564 1333 685 1398 advos
717 1334 843 1398 tendas
874 1333 1051 1400 debeamus.
1096 1337 1210 1399 Fateor
1237 1335 1328 1412 enim,

220 1437 299 1501 nihil
327 1456 393 1502 esse
416 1436 545 1502 Graecis
567 1438 679 1501 harum
706 1437 900 1514 divitiarum,
939 1437 1050 1519 quihus
1082 1457 1137 1502 vos
1165 1438 1329 1502 affluentes

220 1539 413 1623 gloriamini,
432 1539 563 1621 ideoque
583 1539 760 1622 indigentes
782 1559 800 1604 a
823 1540 911 1605 vobis
929 1542 1035 1622 petere
1051 1539 1111 1604 sibi
1126 1539 1329 1604 necessaria.“
1349 1542 1390 1598 10

308 1641 342 1709 3.
389 1643 471 1723 [ald
496 1643 576 1723 tR]
611 1642 669 1706 His
691 1642 782 1707 lectis
804 1643 905 1707 Porus
929 1641 968 1706 ad
990 1642 1108 1724 proelia
1128 1642 1329 1718 imitabatur,

221 1763 352 1827 moxque
374 1744 403 1808 ei
425 1743 634 1833 Macedonum
656 1745 747 1810 obvia
767 1746 829 1810 luit
850 1745 1036 1822 multitudo,
1068 1746 1330 1828 commissumque

223 1850 271 1912 est
292 1847 446 1930 proelium
468 1865 626 1930 magnum.
670 1848 809 1930 Cumque
831 1847 901 1912 Indi
932 1849 1106 1930 elephantis
1133 1848 1330 1931 multigenis-

221 1969 280 2032 que
312 1949 420 2014 bestiis
442 1949 630 2014 Macedones
653 1951 865 2027 incursarent,
905 1953 956 2032 [11
970 1953 1008 2013 M.
1033 1953 1109 2033 tlt]
1146 1955 1179 2016 et
1204 1952 1331 2015 econtra

221 2054 336 2116 Persae
359 2051 483 2135 sagittis
509 2071 562 2117 eos
584 2054 818 2134 praevenirent,
852 2053 1039 2118 Macedones
1065 2072 1187 2135 quoque
1218 2053 1331 2117 iaculis
1350 2051 1389 2110 15

222 2151 337 2214 diversi
356 2155 479 2235 generis
503 2173 559 2218 nec
581 2155 685 2219 minus
708 2174 761 2220 eos
783 2156 954 2236 praeirent,
986 2175 1084 2238 equus
1107 2156 1235 2220 tandem
1252 2155 1330 2219 Ale·

222 2252 331 2318 randri
350 2255 549 2336 Bucephalus
571 2256 679 2322 dextra
700 2257 774 2322 Pori
803 2259 885 2321 ictus
911 2257 1072 2334 occubuit,
1106 2257 1200 2339 idque
1222 2257 1330 2321 Mace-

223 2355 354 2421 donibus
377 2375 470 2438 supre
493 2359 613 2434 omnia,
650 2377 728 2440 quae
758 2361 890 2440 possunt
917 2361 950 2424 in
976 2360 1103 2443 proeliis
1134 2358 1331 2424 incommoda

222 2458 335 2536 videri,
367 2459 526 2542 ingratum
548 2461 617 2525 fnit.
662 2461 775 2544 Sicqne
805 2463 949 2544 neglecto
971 2464 1055 2527 omni
1079 2481 1171 2544 opere
1194 2459 1331 2526 bellandi

221 2561 397 2626 Alexander
422 2563 595 2628 exanimem
626 2583 739 2646 equum
761 2564 861 2630 cauda
891 2567 1148 2648 comprehensum
1170 2565 1203 2628 in
1226 2565 1392 2645 parasse

222 2665 371 2742 retrahit,
396 2668 556 2744 metuens,
578 2685 617 2732 ne
641 2667 776 2750 spohum
798 2667 878 2732 illud
896 2667 966 2732 Indi
988 2671 1149 2762 raperent,
1170 2667 1253 2750 quod
1273 2667 1333 2731 sibi

311 2869 334 2921 1.
354 2869 453 2922 litteris
473 2887 562 2925 coram
580 2872 683 2926 cuneda
702 2873 735 2926 D.
826 2871 968 2928 alexander
987 2872 1104 2941 primum
1121 2873 1155 2926 D.
1243 2873 1330 2926 ¹¹ortu·

220 2953 312 3006 turH.
348 2957 451 3006 ortatur
469 2955 525 3008 AB.
597 2957 622 3010 3.
642 2957 734 3011 crebra
752 2957 884 3012 metantis
901 2957 934 3010 A.
1005 2960 1030 3012 4.
1050 2958 1155 3012 Terreri
1168 2957 1330 3012 HABEVbc.

221 3037 332 3090 Terrore
359 3038 389 3089 1..
430 3055 478 3091 nos
504 3040 625 3092 lacerans
648 3045 727 3107 putas
749 3057 813 3108 pore
838 3043 872 3094 D.
980 3043 1006 3096 5.
1024 3043 1124 3095 litteris
1142 3043 1198 3096 tuis
1216 3042 1283 3106 fehlt
1301 3043 1331 3096 t.

222 3121 334 3188 dignum
361 3120 444 3174 nichil
471 3123 507 3177 Η.
555 3122 622 3176 dicis
650 3125 721 3178 enim
749 3124 846 3194 dignos
870 3126 935 3193 go'os
959 3125 1057 3179 habere
1085 3127 1121 3180 ad
1148 3126 1331 3194 oppulentiam

222 3208 305 3258 tnarn
324 3205 358 3258 D.
468 3209 494 3261 6.
513 3207 598 3262 Addis
615 3209 698 3262 etiam
716 3210 749 3262 D.
844 3225 923 3278 opere
942 3211 1069 3278 precium.
1107 3210 1281 3264 Considerate
1298 3213 1331 3264 H.

225 3289 444 3360 elaboraretis.
466 3292 499 3344 D.
544 3291 629 3347 Addis
650 3297 788 3362 praeterea
805 3309 900 3363 operae
919 3295 1034 3364 pretium
1056 3297 1218 3350 considerari
1235 3297 1332 3365 (conri-

225 3373 282 3430 deri
291 3375 343 3446 Vb)
356 3377 536 3431 militantibus
546 3383 681 3447 oportere,
695 3381 736 3434 uti
746 3395 778 3433 ne
788 3380 889 3435 lrustra
901 3381 1045 3436 laboretur.
1055 3381 1120 3436 Vbc.
1190 3381 1286 3436 docens
1296 3382 1331 3436 Η.

224 3463 249 3516 8.
269 3478 321 3530 quo
340 3462 401 3526 alle,
420 3465 492 3532 quod
510 3464 573 3518 Vbc.
665 3481 712 3519 nor
729 3465 797 3532 sebit
814 3467 847 3519 D.
936 3467 1037 3522 macres
1055 3468 1089 3521 D.
1188 3467 1332 3521 debeamus

224 3547 364 3616 corripuert
381 3565 434 3602 aaa
452 3549 579 3604 debeatis.
599 3551 631 3604 D.
740 3553 765 3604 9.
785 3567 833 3606 vos
857 3552 925 3618 sebit
943 3554 976 3606 D.
1083 3555 1124 3610 10.
1150 3555 1247 3622 petunt
1270 3553 1333 3622 (sibi

222 3631 301 3702 fehlt)
319 3635 352 3688 D.

313 3735 342 3790 8.
379 3736 420 3789 13.
438 3734 562 3800 estsetlt
579 3736 610 3789 D.
698 3737 758 3790 lndi
777 3737 831 3791 ΒΕ.
867 3738 933 3792 indii
949 3737 1004 3790 LA.
1040 3737 1158 3790 indieH.
1192 3734 1287 3789 indicis
1299 3735 1331 3791 D.

227 3821 270 3872 14.
294 3820 451 3873 macedones
476 3823 656 3888 pertentarent
673 3821 705 3874 D.
814 3825 842 3876 et
868 3822 936 3888 seth
961 3821 1038 3874 LAE.
1145 3823 1271 3874 aecontm
1300 3819 1331 3874 L.

226 3907 255 3958 et
273 3907 381 3958 aeonae
397 3904 438 3956 bis
459 3906 646 3972 praevenirent
668 3903 736 3970 sebit
761 3907 794 3960 D.
884 3909 925 3962 15.
949 3922 1053 3976 quoque
1078 3905 1156 3960 indos
1178 3905 1273 3960 irruis
1297 3907 1331 3960 D.

228 3989 269 4043 16.
288 4003 321 4042 ne
339 3989 427 4042 minus
445 3989 475 4042 ll.
574 4006 620 4044 sos
638 3989 707 4056 fehlt
723 3991 757 4045 D.
850 3994 1014 4060 pranetrent
1034 3993 1064 4045 Ε.
1099 3991 1279 4046 uolnerarent.
1298 3993 1331 4045 D.

226 4073 384 4129 Macedones
402 4089 506 4142 quoque
523 4075 564 4128 bis
582 4077 718 4144 praeirent
731 4075 799 4141 fehlt
810 4075 867 4131 111..
970 4077 1010 4130 17.
1027 4076 1181 4145 Bucephala
1199 4077 1247 4131 Vb.
1284 4077 1332 4130 bu·

226 4159 313 4214 celaia
329 4159 431 4213 LABD.
519 4159 608 4215 hictus
625 4161 658 4215 A.
692 4161 759 4226 felas
776 4163 811 4234 D.
897 4163 937 4217 18.
958 4179 1039 4232 snpra
1056 4163 1146 4216 omnia
1165 4160 1333 4216 incommoda

227 4261 295 4313 quae
313 4247 341 4299 in
361 4243 453 4314 preliis
471 4244 557 4300 uideri
575 4249 696 4314 possunt.
714 4247 815 4300 malurn
833 4246 894 4300 init.
913 4247 945 4300 D.
1046 4251 1086 4304 19.
1105 4247 1176 4316 Sieq.
1195 4263 1229 4300 ne
1248 4247 1331 4300 electe

228 4331 298 4384 omni
316 4345 378 4398 pere
397 4329 514 4385 bellandi
531 4330 565 4383 Η.
688 4333 730 4385 20.
755 4331 935 4386 emnimatum
958 4333 992 4386 D.
1114 4335 1157 4388 21.
1182 4332 1277 4386 retrait
1299 4330 1330 4382 Α.

228 4414 342 4466 retrahit
359 4431 430 4468 suas.
449 4416 482 4468 D.
572 4415 632 4470 Indi
650 4415 751 4470 ulau.
786 4415 853 4470 indii
871 4417 905 4470 H.
