3208 5024
317 427 353 482 32
587 417 592 428 ’
817 427 845 491 1,
864 428 923 516 39..

318 593 420 669 retur,
464 591 674 656 homullorum
710 592 929 668 deventurum,
967 593 1060 672 atque
1092 590 1174 655 inter
1211 611 1263 656 eos
1297 593 1417 658 abiecto

317 695 441 760 cuidam
479 715 516 760 ae
551 697 664 762 latroni
697 696 872 762 Alexandro
907 695 960 759 diu
991 694 1188 777 graviterque
1221 697 1417 762 servibrmm.

318 802 436 883 [4711]
481 800 601 880 Quaeso
624 801 737 885 igitur,
760 819 908 885 quorsum
928 801 960 864 te
978 800 1132 864 sententia
1152 799 1255 888 duxit,
1273 805 1419 885 quoniam

318 903 440 984 dixisti,
462 907 495 970 to
516 906 583 970 auri
606 906 785 989 argentique
809 903 918 988 opibus
948 903 1111 968 aestuare?
1155 904 1207 969 An
1229 925 1291 972 non
1313 910 1349 972 ut
1369 909 1418 973 his

280 1011 298 1068 5
317 1009 467 1094 cognitis,
489 1009 557 1074 auri
579 1010 605 1074 si
627 1010 717 1074 nohis
737 1009 840 1074 fervor
862 1011 918 1074 aut
939 1005 1127 1072 desiderium
1147 1009 1246 1090 inest,
1280 1013 1419 1102 obstina-

317 1115 380 1178 tius
401 1117 493 1196 atque
513 1113 660 1179 audacius
692 1113 909 1178 dimicaremus
935 1111 1099 1176 adversum
1119 1132 1191 1192 vos,
1223 1117 1343 1182 scilicet
1365 1137 1418 1200 spe

317 1219 444 1283 maioris
464 1217 605 1301 praedae.
649 1217 749 1283 Addis
773 1219 885 1297 etiam,
914 1217 1037 1282 misisse
1059 1219 1092 1282 te
1111 1219 1189 1284 mihi
1212 1220 1365 1286 habenam
1388 1223 1419 1286 et

316 1324 413 1406 pilam
451 1323 630 1407 loculosque
666 1343 737 1387 cum
766 1322 886 1400 aureis,
923 1321 1111 1405 dequibus,
1150 1327 1291 1406 quamvis
1315 1329 1350 1391 tu
1371 1329 1419 1392 nti

317 1429 419 1493 visum
443 1430 491 1493 est
511 1427 684 1508 dictitares,
708 1445 765 1510 ego
786 1429 892 1491 tamon
911 1427 989 1492 mihi
1011 1428 1098 1493 velut
1124 1430 1284 1512 auspicato
1306 1434 1418 1496 cuncta

261 1539 354 1598 1001
375 1535 407 1597 te
431 1551 578 1596 concessa
598 1531 774 1615 profitebor.
818 1531 961 1614 Namque
984 1532 1137 1598 habenam
1165 1533 1264 1616 accipi
1287 1537 1417 1617 oportet,

318 1657 379 1720 qua
405 1637 536 1702 habeam
566 1637 613 1700 uti
641 1635 674 1700 in
703 1635 859 1700 subiectos
888 1635 955 1699 tibi.
1010 1638 1097 1702 Pilae
1123 1657 1196 1702 voro
1224 1639 1417 1718 simulamen,

319 1743 358 1806 ob
380 1741 604 1806 rotunditatem
626 1741 687 1816 sui,
709 1740 807 1804 totius
829 1740 912 1805 orbis
935 1741 1013 1805 mihi
1034 1741 1199 1824 imperium
1219 1743 1417 1825 repromittit

319 1845 468 1928 Quodque
487 1845 615 1910 tertium
637 1844 800 1922 addidisti,
833 1843 953 1910 loculos
979 1848 1062 1925 auri,
1098 1867 1192 1930 opum
1220 1849 1352 1912 tuarum
1368 1868 1417 1913 me

319 1949 477 2016 dominum
494 1949 634 2014 futurum
656 1951 828 2026 testantur,
857 1949 1092 2032 subiectumque
1114 1953 1145 2014 te
1168 1951 1287 2016 viribus
1309 1952 1417 2016 meis.“

260 2063 299 2120 15
404 2055 459 2122 99.
505 2055 608 2138 [4811.
632 2055 732 2136 4111]
777 2053 944 2118 Enimvero
971 2054 1062 2118 lectis
1094 2055 1143 2118 his
1165 2053 1335 2120 Alexandri
1363 2055 1417 2120 lit-

318 2159 393 2241 teris
416 2159 530 2224 Darius
556 2158 752 2242 arrogantius
780 2137 946 2224 motus'ad
969 2159 1110 2241 satrapas
1139 2178 1211 2224 suos
1231 2161 1315 2224 ultra
1335 2161 1428 2226 Tau·

318 2281 387 2326 rum
417 2265 555 2328 montem
588 2265 730 2347 regentes
759 2263 868 2328 scribit
894 2263 986 2328 talia:
1025 2264 1163 2342 „Fertur
1191 2264 1316 2347 quidam
1343 2264 1418 2329 ado-

317 2364 437 2432 lescens
448 2366 596 2446 insanire,
611 2367 748 2452 Philippi
759 2367 858 2445 lilius,
874 2365 1044 2452 Asiamque
1055 2369 1233 2434 universam
1244 2369 1417 2445 incursare;

317 2561 444 2615 ditionem
469 2561 506 2630 (in
525 2560 739 2629 decussatae)
759 2561 789 2614 L.
876 2559 1008 2616 ctetibiliu
1028 2563 1063 2616 H.
1097 2561 1248 2618 etentihiliu
1267 2563 1300 2615 D.
1387 2564 1418 2616 ut

318 2651 390 2702 retur
408 2647 476 2714 fehlt
493 2649 526 2702 D.
630 2649 654 2701 1.
674 2647 832 2702 omullorurn
845 2647 876 2700 A.
972 2647 1020 2700 sub
1037 2648 1164 2702 ditionem
1179 2648 1419 2724 homullorum,ut

317 2739 401 2798 retur,
432 2735 672 2804 contemptibilium
690 2733 874 2788 deventurum.
904 2733 954 2786 Vb.
989 2735 1136 2802 „desem
1154 2735 1357 2803 manuscriptus
1375 2734 1417 2787 in-

317 2821 406 2876 editus
428 2821 459 2873 s'n
483 2821 540 2875 viar
566 2820 722 2875 Ausones·
747 2821 861 2889 Moysi:
890 2819 945 2874 Sub
976 2821 1076 2876 ditione
1103 2822 1355 2890 contemptibilium,
1386 2823 1418 2874 ut

317 2911 402 2972 retur,
428 2906 604 2962 homullorurn
623 2908 824 2962 deventurum.“
860 2905 1004 2974 Francase.
1030 2909 1143 2964 Imaus
1167 2908 1204 2962 ad
1221 2907 1416 2979 Syrnraacham,

315 3011 355 3063 ep.
375 2999 408 3062 4,
426 2999 472 3048 33.
490 2993 529 3048 ed.
548 2993 615 3048 Par.
634 3011 700 3048 orer.
719 2998 801 3048 1604.
817 2995 846 3047 in
864 2994 973 3048 miscell.
987 3011 1017 3062 p.
1030 2999 1094 3050 127.
1164 2999 1189 3052 2.
1208 2995 1258 3049 hac
1275 2993 1373 3048 latroni
1383 2992 1415 3046 Α.

316 3085 396 3152 atque
414 3083 483 3136 inter
501 3113 533 3122 -
553 3081 712 3136 serviturum
732 3081 799 3148 fehlt
824 3082 858 3135 D.
947 3082 972 3135 3.
991 3081 1077 3148 Queso
1095 3083 1179 3152 igitur
1197 3099 1233 3151 qu
1259 3093 1290 3134 su
1310 3083 1416 3135 sentcn-

315 3171 355 3224 tia
372 3169 407 3224 H.
488 3180 565 3224 corsu
577 3167 609 3222 A.
690 3169 738 3223 illa
750 3169 823 3222 ducit
835 3169 868 3222 D.
953 3167 978 3222 4.
992 3169 1114 3222 desistite
1126 3169 1184 3223 auri
1195 3169 1231 3222 H.
1265 3172 1292 3223 te
1303 3167 1371 3234 fehlt
1381 3167 1415 3220 D.

317 3255 415 3326 operib.
440 3257 474 3310 Η.
582 3255 683 3309 estuari
707 3255 739 3308 A.
843 3271 895 3309 non
918 3255 986 3321 fehlt
1009 3253 1108 3309 HLVb.
1212 3255 1237 3310 5.
1262 3255 1357 3309 aurisit
1381 3255 1415 3306 H.

317 3342 512 3397 audesiderium
531 3341 564 3395 H.
653 3342 725 3396 inest
741 3341 808 3408 fehlt
825 3342 858 3395 D.
945 3349 981 3396 na
994 3341 1154 3395 obstinatius
1173 3342 1206 3395 D.
1294 3343 1320 3397 6.
1339 3341 1416 3395 dhni-

316 3445 405 3483 cemus
423 3429 454 3482 B.
542 3427 644 3481 scilicet
660 3426 727 3492 fehlt
744 3427 778 3480 D.
868 3429 893 3482 7.
910 3428 1003 3480 misset
1022 3427 1101 3481 emihi
1120 3428 1205 3482 ahena
1217 3429 1251 3482 H.
1288 3428 1375 3482 Ausus
1388 3443 1417 3481 es

317 3517 398 3570 etiam
416 3514 480 3569 mihi
499 3513 603 3568 misisse
620 3513 752 3570 habenam
769 3512 804 3565 D.
902 3515 929 3566 et
946 3513 1029 3581 pilam
1045 3513 1113 3578 fehlt
1129 3514 1163 3566 D.
1259 3515 1285 3569 8.
1304 3513 1416 3566 loculos-

317 3617 367 3672 que
385 3618 478 3658 aureos
495 3602 529 3655 D.
618 3601 643 3654 9.
663 3598 732 3653 dicto
750 3597 877 3662 iactares,
904 3616 949 3652 am
966 3597 1069 3652 raude:
1097 3598 1136 3670 ah
1156 3599 1292 3653 diettares
1308 3599 1339 3652 Ε.
1376 3599 1417 3652 uti

316 3689 404 3744 uisum
421 3688 471 3743 tibi
489 3691 531 3742 est
548 3685 662 3741 dictares
681 3687 715 3740 D.
802 3685 876 3740 velut
892 3685 959 3752 fehlt
978 3687 1007 3740 L.
1089 3687 1237 3755 autspicato
1250 3684 1417 3741 Hammon

316 3777 394 3830 uultu
411 3775 548 3844 auspicato
566 3775 599 3829 D.
689 3775 730 3828 10.
749 3775 931 3828 csteooncessa
948 3774 983 3826 H.
1075 3774 1186 3845 accipite¹
1198 3774 1233 3826 H.
1325 3777 1416 3842 oporte

315 3863 453 3930 corripiare
469 3863 500 3916 in
517 3865 608 3932 operte
626 3861 657 3914 L.
693 3877 735 3916 mo
756 3862 874 3930 accipere
893 3861 1011 3931 oportuit
1028 3861 1062 3914 D.
1165 3861 1205 3914 11.
1225 3869 1278 3931 qna
1295 3861 1327 3914 A.
1364 3869 1417 3930 qua

316 3948 402 4004 habea
418 3953 450 4024 ut
465 3950 495 4005 L.
592 3949 634 4003 uti
658 3949 725 4015 fetu
744 3949 777 4004 D.
877 3948 1003 4004 subiectis
1025 3946 1164 4016 cormprbrl
1188 3949 1218 4002 in
1237 3949 1367 4003 subiectos
1385 3949 1415 4002 Ε.

317 4036 465 4091 sirnilnmen
482 4039 516 4092 D.
610 4039 651 4093 12.
672 4046 721 4092 sua
737 4038 769 4091 D.
807 4035 908 4092 sibili.
1004 4035 1089 4104 totjus
1107 4035 1174 4089 mihi
1195 4035 1335 4104 imperinm
1356 4051 1416 4104 pro·
1576 4067 1577 4078 .

316 4123 400 4178 mittit
427 4123 497 4178 orbis
523 4123 672 4192 imperium.
700 4126 733 4180 D.
846 4123 887 4178 13.
916 4121 991 4188 Quod
1017 4127 1107 4178 autem
1133 4123 1166 4178 D.
1278 4122 1358 4175 tertio
1384 4122 1415 4174 L.
1489 4143 1497 4157 ·
1576 4107 1577 4128 ¹

315 4193 438 4266 aalma
455 4211 485 4264 n.
521 4209 621 4265 arenti
639 4211 674 4264 u.
761 4227 854 4268 aureos
872 4212 906 4265 u.
1002 4211 1042 4264 14.
1061 4211 1180 4264 rutarum
1197 4211 1314 4264 esaum
1332 4207 1416 4261 roms-

316 4315 380 4354 num
398 4298 431 4351 D.

401 4383 449 4440 99.
481 4385 522 4440 15.
541 4383 584 4439 his
600 4383 667 4450 sebit
684 4385 767 4439 HLD.
857 4387 897 4440 16.
917 4383 1034 4450 adsedit
1052 4385 1084 4438 D.
1174 4383 1214 4436 17.
1233 4381 1361 4450 degentes
1381 4381 1416 4436 H.

320 4471 476 4528 Vemuau
565 4475 682 4526 montem
694 4472 810 4527 deduxit.
830 4471 930 4526 dicens.
948 4473 1044 4528 Fertur
1061 4471 1095 4526 D.
1176 4471 1217 4524 18.
1230 4471 1368 4540 insurgere
1381 4471 1416 4524 D.
