3208 5024
714 445 740 508 1,
758 435 783 498 8.
808 433 811 442 ’
975 435 978 442 ’
1272 442 1305 495 11

198 609 346 675 subiecto.
391 607 479 686 Quae
502 625 574 671 eum
597 606 758 684 vidissem,
782 607 929 689 accipiter
951 605 1172 688 superveniens
1192 605 1306 696 plausu

198 713 320 778 alarum
347 729 398 774 me
421 710 556 776 excitare
579 709 753 776 videbatur.
798 709 880 790 Quid
903 709 1002 793 igitur
1018 709 1104 774 istud
1128 711 1193 786 est,
1223 709 1306 792 quod

196 815 442 898 portenditur?“
486 815 566 880 Dum
589 813 792 896 interpretes:
822 814 876 890 „0
901 813 1061 895 Philippe,
1089 831 1200 878 verum
1221 811 1306 878 istud

197 922 255 984 est.
300 918 384 983 Nam
413 917 496 1000 quod
524 916 644 1000 signari
673 917 808 1001 virginal
835 916 969 982 feminae
992 915 1114 994 vidisti,
1144 917 1240 982 fidem
1260 916 1307 980 rei

197 1023 283 1088 visae
312 1023 466 1098 testatur,
494 1019 577 1086 unde
606 1020 766 1102 praenosti
794 1018 878 1102 quod
904 1019 961 1085 illa
988 1019 1182 1102 conceperit,
1214 1022 1343 1085 nemob

197 1125 282 1190 enim
312 1141 369 1188 vas
405 1141 537 1188 vacuum
570 1123 753 1206 consignat3
781 1125 818 1188 ut
850 1124 929 1188 haec
963 1121 1063 1200 biblo,
1098 1123 1211 1205 quippe
1234 1142 1307 1188 cum

197 1229 299 1306 biblus
322 1225 435 1292 nullibi
455 1227 599 1311 gentium
619 1227 680 1291 nisi
702 1227 734 1292 in
755 1229 863 1292 nostra
878 1225 992 1292 tellure
1008 1226 1176 1311 gignatur,
1199 1225 1306 1310 Aegy·
1396 1277 1400 1286 .

196 1332 297 1415 ptium
319 1331 417 1414 igitur
441 1349 548 1396 semen
571 1333 620 1395 est
641 1330 694 1412 qni
716 1333 885 1412 conceptus
903 1332 968 1407 est3
989 1349 1051 1395 non
1066 1333 1173 1395 tamen
1187 1329 1306 1394 humile

198 1434 253 1500 sed
275 1434 489 1518 praeclarum,
512 1436 640 1516 propter
662 1433 771 1499 annuli
793 1434 880 1498 aunei
902 1434 1069 1511 visionem,
1092 1453 1152 1517 quo
1175 1432 1305 1498 metallo

197 1538 276 1604 nihil
294 1536 463 1621 pretiosius
485 1536 611 1602 scimus.
649 1536 710 1603 Sed
733 1537 880 1620 quoniam
897 1537 1110 1632 signaculum,
1132 1537 1214 1619 quod
1230 1535 1306 1602 solis
1326 1542 1366 1600 10

197 1644 298 1709 torma
316 1641 495 1717 visebatur,
519 1641 627 1705 subter
648 1641 748 1705 leonis
766 1643 862 1722 eaput
882 1640 991 1705 hastili
1006 1640 1163 1705 subiecto:
1185 1640 1213 1704 is
1228 1639 1305 1722 ipse,

197 1746 250 1828 qui
272 1746 436 1822 nascetur,
456 1744 601 1828 usquein
618 1744 746 1812 orientis
762 1744 922 1826 perveniet
937 1744 1181 1826 possessionem,
1202 1743 1307 1808 omnia

198 1849 328 1926 audone,
352 1867 432 1930 quae
455 1850 569 1912 natura
586 1847 686 1912 leonis
710 1849 774 1926 est,
795 1847 888 1930 vique
909 1847 942 1912 id
964 1847 1075 1926 faciet,
1096 1849 1190 1930 atque
1213 1848 1307 1912 hasta

198 1951 303 2017 omnia
332 1950 524 2035 subiugabit.
568 1951 735 2015 Enimvero
763 1950 911 2033 quoniam
933 1951 1024 2016 deum
1048 1952 1150 2034 capite
1174 1950 1305 2016 arietino

197 2055 325 2122 testaris
341 2053 535 2138 eundemque
552 2073 677 2132 cenum,
696 2053 771 2118 deus
788 2055 838 2118 est
851 2054 981 2137 Libyae,
998 2054 1135 2126 Ammon
1150 2055 1305 2119 nomine.“
1326 2061 1364 2120 15

199 2158 299 2239 Quam
320 2157 612 2242 interpretationem
635 2177 697 2223 non
722 2176 820 2242 aequo
840 2157 943 2224 animo
966 2157 1131 2242 Philippus
1154 2158 1283 2242 accepit.

286 2368 310 2419 1.
329 2366 408 2434 pulsu
420 2364 541 2419 ADlch.
616 2363 642 2417 Β.
655 2364 755 2420 exitere
771 2365 807 2418 H.
887 2365 1065 2432 estsebltlrll.
1136 2365 1207 2432 Quid
1220 2395 1231 2406 ·
1244 2383 1306 2436 por·

199 2449 318 2504 tenditur
327 2451 394 2518 fehlt
405 2451 440 2505 H.
512 2451 538 2506 3.
550 2451 683 2520 interpres
695 2451 766 2505 LVe.
787 2451 978 2520 Rependerunt
986 2451 1147 2521 interpretes
1155 2453 1190 2506 D.
1260 2451 1306 2507 O-

198 2536 313 2602 estfeblt
321 2537 356 2591 D.
426 2539 451 2591 4.
462 2537 569 2606 signare
577 2535 681 2590 LADE.
752 2537 985 2604 femineescbltH.
1056 2539 1114 2606 regi
1122 2540 1157 2592 H.
1229 2541 1254 2592 5.
1264 2543 1306 2592 te·

197 2624 288 2677 stantu
297 2624 332 2676 H.
395 2622 461 2677 Inde
469 2623 502 2676 Β.
572 2623 692 2692 pernosti
700 2623 747 2676 Vc.
800 2623 927 2689 illnseblt
939 2625 973 2678 H.
1035 2624 1182 2692 conciperit
1193 2625 1224 2677 L.
1243 2639 1306 2678 eon·

197 2709 269 2778 oepit
287 2709 334 2764 Vc.
373 2711 510 2778 praenosti
525 2713 556 2764 ut
571 2709 590 2764 b
608 2710 697 2764 biblus
715 2710 786 2780 quod
804 2711 935 2779 concepit.
953 2710 987 2764 D.
1077 2713 1103 2765 6.
1121 2725 1169 2764 vas
1186 2709 1305 2784 sebltD.

198 2795 397 2863 consignaverit
420 2795 468 2849 Vc.
578 2798 610 2849 ut
635 2795 700 2850 baec
727 2795 800 2850 biblo
825 2795 892 2862 sebit
917 2797 952 2850 D.
1058 2795 1083 2849 7.
1109 2795 1207 2850 nullibi
1234 2797 1305 2850 LVc.

196 2880 265 2934 nulli
282 2881 339 2935 DE.
375 2881 448 2936 nulle
465 2881 498 2935 l.
534 2881 610 2936 nulla
627 2881 659 2935 Β.
695 2883 830 2937 nullarum
847 2883 883 2936 H.
976 2883 1004 2936 in
1020 2881 1087 2948 sebit
1105 2883 1165 2936 HD.
1253 2883 1306 2937 tel-

196 2967 257 3021 lure
274 2965 306 3019 Α.
402 2967 601 3037 Egyptiumque
627 2969 660 3022 D.
700 2969 812 3035 Ἐπειδὴ
843 2969 871 3023 ol
896 2970 953 3038 (λιιλ
977 2967 1004 3023 ιλ.
1024 2969 1043 3022 ι’.
1068 2971 1128 3022 ἐπεὶ
1146 2969 1187 3038 Ι..)
1220 2970 1305 3037 βίβλῳ

197 3059 403 3126 καταρραφεῖοοι
429 3051 464 3119 ἦν
490 3054 506 3121 ἡ
530 3051 629 3125 φύσις,
654 3059 799 3124 Αλγιιιιτλιι
825 3053 859 3122 ἦν
878 3056 966 3123 (iovis
983 3054 1025 3124 L.)
1050 3053 1192 3128 ἡσιιορά·
1219 3055 1306 3108 οὔδει·

196 3143 253 3206 μοΐι
270 3137 325 3208 γὰρ
343 3140 436 3205 βίβλος
453 3142 583 3208 γεννᾶται
610 3143 636 3191 ελ
658 3137 698 3210 μὴ
717 3141 747 3192 ἐν
763 3137 902 3209 Αἰγύπτῳ
924 3138 1026 3211 (μόνον
1046 3140 1078 3208 b)
1096 3139 1151 3193 Ab.
1188 3143 1254 3208 περὶ
1274 3141 1304 3194 el

196 3223 227 3278 τὸ
249 3225 324 3298 (περὶ
342 3229 391 3276 τοῦ
408 3223 449 3294 O.)
474 3223 680 3297 καταῤῥιὲιττειν
699 3243 730 3279 σε
750 3229 875 3294 βιβλίον,
901 3226 1030 3296 οὐδαμοῖ
1052 3225 1154 3294 βύβλος
1171 3231 1305 3296 γεννᾶται

197 3315 223 3363 ελ
242 3308 281 3380 μὴ
303 3312 333 3363 ἐν
353 3309 505 3380 Αλγὺιιτῳ·
535 3315 682 3380 Αἰγυπτία
706 3307 758 3366 οὖν
781 3310 845 3382 (γὰρ
865 3311 907 3380 C.)
940 3313 955 3378 ἡ
980 3309 1305 3383 abominandorum.

198 3395 223 3450 8.
243 3411 291 3450 nee
308 3399 400 3451 tamen
418 3396 498 3450 ΑΒΕ.
570 3395 670 3451 humile
688 3398 722 3452 D.
799 3398 825 3451 9.
845 3397 1010 3452 clarumve.
1041 3399 1180 3467 praeclare
1198 3414 1305 3453 sensum

198 3497 245 3552 per
262 3483 337 3537 anuli
354 3484 389 3537 D.
478 3483 608 3538 visionem
628 3485 762 3552 putemus.
782 3485 814 3538 D.
908 3485 1035 3553 quonism
1054 3485 1101 3538 Vc.
1190 3485 1255 3554 qusn
1273 3483 1304 3538 Ιι.

198 3577 251 3637 qne
269 3567 301 3623 Β.
336 3565 383 3638 qm
401 3569 510 3623 HABD.
596 3570 625 3624 in
643 3571 708 3624 solis
720 3572 754 3626 D.
827 3571 867 3625 11.
887 3570 1048 3640 iungebantur
1061 3571 1095 3624 H.
1132 3569 1203 3639 quod
1220 3570 1306 3624 forma

197 3653 335 3709 visebatur
356 3654 421 3708 solis
443 3655 473 3708 D.
580 3655 656 3710 ostili
678 3657 713 3709 H.
748 3655 847 3710 hastile
871 3655 993 3710 subiecto
1014 3657 1048 3710 D.
1085 3655 1183 3710 hastssc
1202 3671 1306 3724 quoque

198 3739 322 3794 adiacens
341 3743 400 3794 erat
417 3741 465 3795 Vc.
554 3741 654 3809 isipse
672 3741 726 3796 BH.
761 3741 804 3795 bis
821 3742 879 3810 ipse
892 3741 947 3796 LA.
984 3741 1070 3810 ipsius
1081 3741 1116 3794 Η.
1147 3741 1171 3794 si
1187 3741 1244 3809 ipse
1258 3741 1304 3794 Vc.

200 3825 241 3879 12.
260 3827 307 3894 qni
319 3825 448 3880 HLABE.
478 3826 591 3896 quisque
604 3827 649 3880 Vc.
673 3826 879 3895 hoosignificst.
907 3827 1014 3897 quodie
1026 3828 1084 3896 ipse
1097 3827 1188 3897 qniD.
1259 3843 1305 3880 us·

198 3927 249 3982 que
264 3911 294 3966 in
311 3912 423 3968 orientis
440 3929 488 3981 per
505 3913 597 3982 partes
615 3912 706 3967 ueniet
729 3915 863 3981 possessio
876 3915 911 3968 H.
948 3915 976 3968 in
996 3914 1108 3968 orientis
1119 3929 1204 3982 usque
1217 3913 1308 3967 veniet

197 3997 368 4066 prepotentin
385 3999 582 4066 possessionem
601 3999 648 4053 Vc.
736 3999 877 4068 omnisque
889 3999 990 4054 addens
1003 3999 1163 4054 sibinsturs
1174 3999 1260 4054 leonis
1272 4000 1306 4052 D.

198 4085 240 4140 13.
259 4085 367 4153 vimque
386 4083 467 4138 iamet
485 4085 519 4139 D.
546 4089 607 4141 aste
625 4086 684 4140 HA.
778 4087 819 4140 14.
838 4085 979 4141 Enimvero
998 4087 1123 4156 qnoniam
1142 4085 1186 4140 Vc.
1214 4085 1306 4140 unim-

197 4171 315 4239 veroqffi
323 4169 402 4224 uls.
434 4170 515 4226 Etenl
528 4173 623 4240 quell.
659 4167 806 4240 QmenH.
876 4172 989 4226 arietino
1003 4173 1090 4240 capite
1102 4173 1135 4226 Β.
1207 4172 1248 4225 15.
1262 4187 1306 4225 ca·

196 4272 262 4310 unm
274 4272 333 4312 esse
346 4257 394 4311 Vc.
424 4257 461 4312 let
472 4261 519 4328 qm
530 4257 617 4329 capite
629 4261 742 4314 sustine
754 4258 920 4328 eundemque
932 4269 1000 4314 canu
1012 4257 1106 4312 uidisti
1118 4259 1152 4312 D.
1222 4258 1306 4312 Hum-

198 4357 260 4397 mon
277 4343 309 4398 Β.
350 4343 416 4398 deus
438 4343 539 4415 Libyae
560 4345 719 4402 Hammonis
748 4347 864 4400 nornine.
885 4345 933 4400 Vc.
978 4344 1050 4399 domi
1075 4355 1113 4398 nu
1131 4343 1197 4414 libie
1217 4359 1305 4400 emon.

198 4430 304 4486 nomine
322 4428 476 4500 signatu.
