3208 5024
705 459 744 525 11,
764 461 790 516 8.
1264 465 1298 518 43

189 640 287 705 regno
310 625 365 686 tuo
388 621 497 700 cedas,
528 621 806 706 Macedoniamque
836 624 895 689 tibi
924 643 987 690 non
1010 625 1172 690 uindices?
1216 624 1298 706 Quin

189 725 294 808 potius
313 725 437 790 imitare
460 725 648 790 industriam
670 727 769 791 hostis
790 727 852 804 tui,
887 729 1056 811 hortorque
1085 731 1122 793 ut
1150 729 1299 812 exemplis

190 829 257 893 eius
285 829 394 894 utaris.
441 829 561 912 Quippe
590 828 677 894 vides
706 829 797 894 illurn
834 849 892 894 nec
925 830 1055 896 ducibus
1085 831 1211 915 quidem
1240 851 1313 898 nec·

190 931 445 1015 praecursoribus
467 931 693 1012 confidentem,
715 933 769 998 sed
792 933 917 998 sibimet
942 933 1045 999 officia
1065 936 1162 1000 totius
1182 935 1298 1002 laboris

189 1035 411 1100 vindicantem.
454 1036 641 1119 Primusque
671 1037 749 1101 lituo
776 1038 899 1102 intonat
927 1039 1021 1120 atque
1050 1039 1089 1102 ad
1119 1038 1202 1103 bella
1224 1058 1299 1104 con·
1338 1038 1357 1096 5

190 1139 268 1203 citat
290 1143 427 1203 omnes.“
450 1176 494 1185 —-
539 1143 643 1222 [30M.
667 1141 766 1222 sau]
802 1141 951 1205 Protinus
979 1160 1054 1224 ergo
1076 1142 1166 1207 iubet
1184 1143 1299 1209 Darius

190 1261 314 1307 omnem
337 1241 472 1326 undique
494 1246 649 1308 armatam
670 1244 906 1309 multitudinem
920 1245 1103 1310 convenire.

277 1345 312 1411 8.
359 1347 462 1428 [31M.
494 1347 593 1428 itit]
631 1346 808 1412 Alexander
836 1366 958 1430 quoque
986 1348 1048 1412 iter
1075 1365 1130 1431 per
1157 1347 1299 1414 Ciliciam

191 1469 302 1532 agens,
341 1469 412 1514 oum
443 1450 578 1515 multum
609 1450 703 1533 spatii
722 1451 779 1514 sub
796 1441 921 1517 ‘aestivo
949 1451 1016 1516 sole
1046 1452 1142 1516 armis
1169 1454 1300 1518 onustus

190 1553 320 1636 pedibus
351 1553 521 1637 exegisset,
556 1553 638 1618 forte
668 1571 739 1618 curn
770 1553 899 1636 Cydnon
938 1555 1017 1619 nulli
1048 1555 1219 1620 secundum
1248 1555 1300 1620 vel
1319 1559 1359 1616 10

191 1657 405 1741 magnitudine
437 1657 487 1722 uel
517 1657 674 1740 perspicui
708 1658 844 1741 agminis
878 1658 981 1741 rigore
1016 1659 1132 1724 flumen
1166 1659 1300 1724 transire

191 1760 334 1836 deberet,
368 1759 541 1826 delectatus
571 1761 637 1826 eius
656 1763 690 1826 et
709 1761 927 1844 magnitudine
947 1763 980 1826 et
1003 1763 1176 1840 evidentia,
1206 1763 1300 1827 simul

191 1883 261 1929 cunr
284 1865 380 1928 armis
402 1884 470 1930 sese
492 1865 679 1947 praecipitat
701 1885 717 1930 e
736 1869 831 1948 ponte
853 1885 889 1930 ac
912 1866 1111 1931 nutabundus
1134 1867 1205 1932 exit.
1237 1865 1298 1932 Sed

190 1967 222 2032 id
244 1967 462 2034 factum'licet
484 1969 513 2033 ei
534 1969 573 2034 ad
592 1969 809 2034 testimonium
829 1967 1021 2034 fortitudinis
1043 1969 1153 2048 fuerit,
1183 1969 1299 2034 valitu-

190 2071 294 2136 dinem
318 2073 426 2138 tameu
456 2073 701 2138 discriminosius
733 2073 818 2137 vicit.
862 2073 983 2156 Quippe
1014 2073 1136 2137 calente
1164 2076 1240 2138 tunc
1268 2075 1358 2138 et15

191 2175 323 2241 sudante
352 2189 480 2259 corpore
507 2177 647 2242 incidens
677 2196 777 2260 aquae
803 2176 889 2240 illius
911 2177 1158 2253 vehementiam,
1195 2177 1300 2262 rigore

190 2279 295 2345 nervis
316 2283 440 2346 tanturn
458 2281 604 2372 miuriam
629 2279 858 2363 perniciemque
880 2279 1027 2356 tradidit,
1063 2282 1101 2344 ut
1122 2279 1174 2345 vix
1194 2281 1300 2364 expia·

280 2494 302 2545 1.
320 2506 434 2560 regnum
450 2495 528 2546 tuum
544 2491 576 2545 B.
612 2507 725 2560 regnum
742 2493 819 2544 tuum
838 2489 967 2544 concedes
984 2489 1019 2543 D.
1111 2489 1162 2543 tibi
1178 2489 1246 2554 sebit
1263 2489 1298 2544 H.

191 2577 315 2632 uendices
332 2578 366 2632 D.
454 2579 480 2633 2.
499 2581 623 2647 ortcrqne
642 2577 674 2630 A.
758 2577 816 2630 eius
828 2576 957 2644 exemplis
976 2575 1008 2628 L.
1043 2576 1171 2644 exemplis
1183 2576 1258 2632 illius
1266 2577 1298 2630 B.

192 2664 217 2717 3.
237 2663 312 2718 uides
328 2665 405 2718 illum
423 2665 491 2730 sebit
506 2666 542 2718 Η.
648 2679 682 2718 ne
713 2663 790 2718 ABE.
896 2665 921 2718 4.
946 2661 1000 2716 Sed
1024 2662 1114 2730 potius
1138 2661 1247 2717 sibimet
1263 2663 1298 2716 Η.

192 2749 324 2804 officiatus
342 2750 442 2806 laboris
460 2753 493 2805 D.
582 2753 607 2805 5.
628 2751 815 2805 uendicsntcm
833 2749 891 2803 BD.
973 2749 1141 2817 primumque
1160 2749 1195 2802 D.
1264 2749 1299 2803 ad

192 2834 291 2892 bellum
309 2837 406 2891 incitat
423 2838 456 2891 Ι).
546 2839 572 2893 6.
591 2838 690 2892 Darius
706 2837 774 2903 sebit
790 2835 823 2889 A.

275 2923 304 2977 8.
341 2927 367 2978 9.
395 2924 558 2992 permultum
585 2924 620 2978 D.
725 2923 857 2977 honustus
886 2921 921 2975 H.
973 2921 1104 2976 honustos
1134 2919 1238 2988 pedites
1264 2923 1298 2975 D.

192 3009 233 3064 10.
253 3025 313 3062 cum
330 3007 397 3072 feblt
414 3009 444 3061 Ι).
540 3009 644 3076 oydnon
662 3011 696 3063 ΙΙ.
733 3009 828 3062 cidnon
846 3008 877 3062 L.
914 3018 1001 3077 cygnu
1020 3007 1051 3060 B.
1087 3007 1156 3060 forte
1176 3023 1235 3060 cum
1253 3011 1301 3063 aut

191 3093 315 3146 nonnulli
332 3094 364 3146 A.
407 3093 486 3166 torte
502 3110 562 3147 cum
588 3094 710 3148 nonnulli
736 3094 806 3147 cilici
831 3094 864 3146 D.
970 3092 1009 3147 11.
1034 3091 1248 3161 magnitudinem
1265 3092 1298 3146 A.

191 3178 235 3231 uel
253 3177 398 3232 secundum
415 3178 628 3247 magnitudinem
646 3180 680 3233 Ι).
750 3178 898 3247 perspicuis
917 3177 949 3231 A.
986 3179 1121 3246 conspicui
1138 3179 1172 3232 Ι).
1242 3194 1299 3232 um-

192 3263 234 3318 nis
253 3264 285 3318 Β.
371 3265 488 3332 rigorem
499 3265 533 3318 Ι).
613 3265 712 3318 flumen
728 3263 796 3330 sebit
807 3265 841 3317 D.
932 3267 973 3319 12.
992 3264 1120 3320 deberent
1131 3266 1165 3319 D.
1242 3265 1300 3320 eius

189 3348 257 3414 fehlt
274 3349 308 3403 D.
398 3349 478 3404 simul
494 3349 561 3415 fehlt
579 3350 637 3404 AD.
691 3367 745 3404 una
762 3367 822 3403 cum
839 3350 921 3403 armis
943 3349 993 3402 Vb.
1052 3350 1134 3404 Ueber
1151 3349 1223 3404 disse
1241 3349 1300 3403 dem

191 3435 218 3488 I.
242 3435 369 3489 Valerius
394 3435 593 3504 m'pmtdmls'cbe
616 3437 720 3505 augebo
749 3436 802 3504 ιι).
837 3435 941 3488 melma
972 3435 1299 3502 „Pseudocaiiueumw

187 3537 216 3590 p.
237 3525 368 3575 55—57.
472 3524 514 3577 13.
534 3525 562 3576 et
579 3522 785 3577 natanabundus
804 3523 839 3576 ΙΙ.
876 3537 905 3575 se
924 3521 1100 3590 praecipitare
1123 3525 1203 3590 ponte
1221 3525 1299 3576 usta·

191 3607 296 3661 bundus
315 3608 383 3677 exig.
396 3608 430 3661 D.
503 3611 545 3662 14.
564 3609 589 3662 ei
605 3609 672 3675 fehlt
685 3609 740 3662 LD.
776 3611 804 3661 et
822 3608 1004 3662 testimonium
1023 3607 1189 3662 fortitudinis
1204 3607 1298 3662 iuitD.

193 3693 234 3746 15.
253 3693 414 3747 discriminis
427 3693 460 3746 D.
531 3693 721 3763 Quippeculete
731 3697 759 3748 et
771 3695 805 3747 H.
878 3696 919 3748 16.
939 3693 1068 3747 suadente
1080 3694 1111 3746 L.
1183 3694 1224 3746 17.
1237 3708 1298 3747 ner·

191 3779 232 3832 vis
251 3777 302 3830 Vb.
338 3794 479 3832 nervorum
495 3779 557 3832 alle.
645 3778 741 3832 tn'buit
758 3779 790 3831 L.
888 3779 932 3832 uix
950 3777 1001 3830 Vb.
1037 3793 1096 3830 mox
1113 3777 1175 3830 alls.
1254 3793 1298 3832 ex·

190 3857 298 3932 piabilis
316 3863 450 3917 vufflnl.
484 3865 638 3934 expirabilis
656 3863 687 3917 B.
747 3867 793 3916 καὶ
818 3861 898 3934 μόλις
920 3860 1113 3934 θεραπεύεται.
1141 3862 1218 3916 BLC.
1272 3867 1300 3919 et

191 3947 305 4004 sudante
323 3963 440 4016 corpore.
460 3951 558 4004 accidit
576 3953 607 4004 ut
624 3949 699 4004 illius
716 3948 885 4002 vehementia
904 3950 931 4002 et
954 3949 1042 4017 rigore
1063 3963 1203 4002 nervorum
1222 3951 1299 4022 tantq

191 4033 305 4105 inhertiq
332 4033 498 4104 pernitieque
523 4051 551 4088 se
569 4035 733 4090 tradidisset.
763 4035 794 4088 ut
811 4049 871 4086 mox
896 4033 1091 4102 inexplicabilis
1112 4032 1248 4088 uideretur
1265 4037 1298 4089 D.

192 4119 468 4183 ...vehementiam
497 4123 602 4174 tantum
626 4123 658 4176 de
676 4121 765 4190 rigore
787 4134 928 4173 nervorum
950 4119 1075 4176 iniuriam
1103 4120 1299 4190 perniciemque

190 4207 285 4270 traxit,
303 4209 335 4260 ut
352 4221 412 4259 mox
428 4205 581 4274 expirabilis
599 4205 741 4262 videretur.
766 4205 842 4260 Viae.
864 4203 935 4258 Bell.
972 4243 1022 4258 ...
1043 4204 1237 4260 vehementiam
1256 4207 1299 4261 rel

190 4292 318 4361 rigorem,
336 4295 441 4346 tantam
458 4293 549 4346 nervis
567 4293 692 4348 iniuriam
716 4291 912 4362 perniciemque
937 4289 1097 4354 tradiderat,
1129 4295 1160 4345 ut
1182 4291 1299 4361 undique

161 4391 171 4412 ·
190 4379 312 4446 protinus
337 4377 473 4433 doloribus
498 4379 715 4434 concurrentibus
735 4377 820 4432 morbi
844 4391 925 4430 causa
942 4378 1079 4430 contracta
1099 4377 1142 4430 vix
1159 4375 1300 4445 expiabilia

189 4461 333 4519 rideretur.
354 4463 405 4516 Vb.
