3208 5024
711 438 752 502 Π,
771 439 815 492 21.
1284 437 1319 494 51

211 603 345 666 tendens
365 603 598 682 attrectansque
620 619 723 683 genua
743 599 930 676 Alexandri,
958 601 996 664 ut
1017 601 1157 682 poterat,
1191 600 1319 664 tandem

212 705 329 770 talibus
359 703 542 786 alloquitur:
581 704 654 780 „aa
676 703 755 767 mihi
774 703 808 766 in
830 702 888 766 tali
909 703 1036 768 fortuna
1058 701 1228 768 constituto
1250 720 1319 766 ma·

212 825 309 889 gnum
337 805 426 870 adest
453 806 558 872 obitus
586 805 678 870 huius
707 805 872 882 solatium,
908 805 990 887 quod
1017 804 1051 868 in
1072 805 1136 870 tuis
1166 803 1320 883 manibus,

213 929 231 974 o
254 907 450 985 Alexander,
478 909 649 975 fortissime
671 928 797 994 regum,
832 908 976 991 spiritum
1005 909 1172 974 effundam.
1216 908 1321 989 Quare

213 1030 346 1095 quaeso,
367 1031 407 1076 ne
429 1012 569 1080 invideas
589 1014 666 1077 mihi
689 1013 898 1095 sepulturam,
934 1031 1030 1094 quam
1050 1012 1130 1076 mihi
1152 1031 1223 1078 cum
1243 1014 1359 1078 Per-5

214 1115 257 1180 sis
286 1116 333 1180 tui
354 1115 543 1182 Macedones
571 1119 788 1199 exsequantur.
831 1117 912 1181 Tum
940 1114 1149 1198 Rogodunen,
1187 1119 1321 1182 matrem

212 1237 332 1296 meam,
370 1222 404 1285 et
425 1219 518 1284 cilito
537 1238 666 1286 uxorem
691 1220 724 1284 in
750 1238 862 1284 manus
889 1221 962 1284 tuas
992 1219 1191 1294 commend03
1224 1219 1322 1284 filiam

213 1340 287 1388 vero
308 1324 459 1387 Roxanen
489 1323 549 1387 hac
575 1341 667 1404 prece
696 1323 757 1387 tibi
784 1322 984 1398 commendo,
1019 1323 1055 1386 ut
1082 1341 1153 1386 eam
1179 1323 1322 1406 coniugio

213 1428 267 1490 tuo
291 1425 420 1508 diguam
441 1443 585 1500 censeas3
610 1426 670 1490 erit
692 1425 775 1490 enim
799 1425 827 1490 ei
850 1425 982 1509 largiter
1005 1425 1044 1490 ad
1060 1425 1223 1503 solatium,
1244 1425 1323 1490 nihil

214 1528 274 1593 sibi
296 1526 333 1592 de
356 1528 444 1611 regia
465 1528 681 1593 coniunctione
704 1529 869 1594 defuisse.“
914 1531 957 1594 lit
985 1529 1035 1594 his
1065 1527 1157 1594 dictis
1179 1529 1324 1611 spiritum
1343 1535 1383 1592 10

215 1630 381 1695 exhalarit

299 1731 354 1799 21.
399 1735 454 1815 [37
465 1735 505 1796 M.
531 1741 571 1798 34
580 1737 630 1817 n]
673 1735 853 1800 Alexander
875 1755 949 1801 vero
979 1735 1088 1800 multis
1116 1734 1256 1800 lacrimis
1284 1733 1324 1800 ad

215 1836 335 1920 regiam
356 1837 542 1920 dignitatem
564 1839 628 1902 ritu
647 1839 815 1903 Persarum
836 1839 928 1904 illum
952 1839 1077 1922 sepeliri
1098 1839 1195 1904 iubet.
1220 1840 1324 1920 [4111

215 1941 317 2022 36R.]
353 1941 432 2004 Post
452 1940 530 2006 haec
552 1941 645 2006 rebus
667 1941 834 2020 ordinatis,
857 1962 929 2008 cum
948 1942 1034 2025 ipsos
1049 1943 1129 2008 scire
1145 1942 1325 2025 cupivisset,

216 2043 270 2124 qui
290 2042 386 2106 Dario
410 2061 520 2108 necem
537 2043 726 2121 intulerant,
749 2044 808 2109 ait:
832 2045 989 2124 „Gaudeo
1011 2063 1062 2110 me
1081 2047 1206 2110 hostem
1224 2046 1325 2110 ma'xi-
1346 2049 1385 2109 15

215 2165 303 2208 mum
317 2146 448 2210 Darium
471 2147 598 2212 servitio
622 2147 821 2231 subiugasse‚
843 2148 921 2214 licei
944 2169 1001 2234 ego
1024 2150 1090 2230 ipse
1112 2149 1145 2213 id
1161 2152 1325 2215 exsecutus

216 2265 278 2311 non
308 2249 385 2323 sim3
422 2249 520 2314 habeo
551 2252 657 2316 tamen
685 2251 821 2334 gratim
851 2250 1039 2335 condignam
1068 2251 1235 2334 rependere
1266 2252 1325 2330 his,

216 2351 271 2433 qui
293 2351 534 2417 benivolentiam
563 2371 653 2418 suam
675 2373 750 2436 erga
771 2373 821 2419 me
843 2353 1008 2436 protestati
1031 2357 1120 2429 suut3
1156 2354 1270 2438 quique
1292 2355 1327 2419 hi

217 2455 306 2530 sunt,
344 2454 452 2519 hortor
486 2474 672 2538 moneoque,
710 2457 757 2520 uti
789 2477 822 2522 se
850 2457 993 2539 prodant.
1052 2457 1196 2538 Namque
1228 2457 1326 2539 patris

216 2557 389 2640 matrisque
410 2577 498 2622 meae
521 2559 720 2624 maiestatem
739 2560 823 2638 iuro,
861 2559 1012 2624 sublimes
1040 2559 1111 2624 illos
1140 2577 1178 2623 ac
1199 2558 1327 2623 notissi·
1345 2568 1387 2626 20

217 2677 285 2724 mos
318 2679 368 2724 me
398 2659 570 2740 facturum,
601 2663 674 2746 quia
706 2663 844 2728 maximo
876 2662 1015 2745 praemio
1044 2660 1130 2746 digni
1155 2663 1257 2726 sunm
1283 2697 1327 2708 —

308 2854 332 2906 1.
352 2868 384 2906 ao
400 2855 585 2927 trectransque
602 2853 683 2908 ienna
700 2854 733 2908 Α.
842 2856 867 2910 2.
892 2853 994 2908 talibus
1015 2867 1075 2906 eum
1098 2851 1245 2921 alloquitur
1267 2869 1327 2908 uer·

219 2937 270 2991 bis.
288 2938 322 2991 D.
410 2938 470 2992 Han
489 2938 522 2993 D.
618 2941 644 2992 3.
660 2940 739 2994 adest
758 2938 914 3008 obsequium
933 2939 1004 3008 quod
1022 2939 1054 2992 D.
1150 2938 1176 2994 5.
1198 2953 1280 3007 queso
1297 2942 1329 2992 ut

219 3038 253 3075 ne
271 3023 306 3075 D.
393 3023 419 3076 6.
440 3040 506 3090 rogo
524 3023 622 3077 danem
637 3025 668 3078 L.
703 3023 796 3078 rodine
812 3025 845 3078 D.
935 3025 960 3078 7.
978 3025 1053 3079 cilito
1071 3023 1175 3078 LABD.
1203 3023 1284 3092 oylito
1296 3024 1327 3078 El.

220 3108 291 3176 clyto
308 3107 344 3160 H.
380 3107 447 3161 'Dum
466 3108 631 3179 Rogodunen
650 3111 762 3164 matrem
781 3126 868 3164 meam
887 3111 1099 3166 commendatam
1124 3109 1176 3163 tibi
1193 3108 1228 3163 ad
1245 3109 1328 3163 hono·

220 3209 277 3246 rem
295 3193 405 3262 dignum
427 3195 534 3249 nomine
551 3198 643 3250 nostro
660 3195 772 3260 habeto,
803 3200 885 3266 utque
908 3199 1065 3266 participem
1085 3194 1238 3265 Olympiadi
1255 3197 1327 3249 tuae.

221 3277 310 3332 Colito
333 3295 442 3334 uxorem
464 3281 547 3334 etiam
572 3296 669 3336 meam.
703 3281 800 3336 lliliam
821 3299 883 3338 vero
900 3283 1027 3338 Roxanen
1050 3281 1100 3337 hac
1123 3295 1202 3350 prece
1225 3280 1277 3335 tibi
1299 3281 1329 3334 in

221 3379 330 3418 manum
348 3365 395 3428 do,
416 3369 466 3420 etc.
487 3367 552 3420 Vbc.
587 3371 634 3420 καὶ
652 3366 702 3435 τὴν
719 3366 839 3439 γυναῖκά
855 3387 910 3441 μου
927 3369 963 3428 ὠς
983 3369 1032 3442 ἐμὲ
1050 3372 1185 3442 claraeque
1206 3366 1259 3421 Lc.
1295 3365 1331 3428 ὠς

221 3450 274 3504 σὺν
290 3451 354 3522 ἐμοὶ
370 3455 507 3522 οἴκιειρον
521 3453 554 3507 Β.
591 3451 626 3512 ὠς
643 3451 767 3526 σῦνεμον
781 3459 889 3522 οἰκέτην
904 3455 937 3509 Α.
1019 3454 1104 3510 filiani
1120 3468 1182 3508 vero
1194 3469 1282 3508 meam
1293 3452 1330 3506 H.

221 3536 305 3591 filiam
323 3536 364 3591 dm
383 3539 536 3593 commendo
554 3539 622 3606 fehlt
638 3539 671 3594 A.
777 3541 803 3595 9.
823 3541 848 3595 ei
863 3541 931 3607 fehlt
947 3540 1007 3594 ΗΒ.
1104 3540 1140 3594 ad
1159 3539 1258 3593 solatia
1276 3539 1330 3592 lar·

221 3623 282 3692 gitu
302 3625 335 3677 D.
442 3627 483 3680 10.
502 3625 554 3680 sibi
571 3626 605 3681 de
621 3625 689 3692 fehlt
705 3628 740 3682 D.
844 3627 962 3682 defuisse
977 3626 1046 3692 fehlt
1062 3625 1096 3679 D.
1197 3625 1258 3693 spr'n
1277 3625 1330 3679 cito

222 3709 358 3764 exhalauit
375 3711 410 3764 H.

308 3795 354 3850 21.
391 3797 432 3851 12.
456 3799 575 3854 lacrimis
601 3797 695 3854 multis
718 3797 749 3851 L.
785 3799 878 3852 multis
895 3797 963 3864 sedit
981 3797 1015 3851 D.
1120 3795 1162 3849 13.
1183 3793 1226 3847 illi
1244 3793 1331 3862 sepel-

221 3881 267 3934 liri
284 3879 319 3934 H.
355 3881 406 3936 illu
426 3885 539 3953 sepelire
557 3885 591 3938 D.
687 3884 728 3938 14.
746 3883 805 3952 ipae
822 3884 857 3937 Η.
965 3884 1005 3938 15.
1024 3889 1087 3936 nece
1103 3883 1134 3935 at
1149 3880 1280 3935 intulerat
1296 3881 1330 3935 D.

223 3965 359 4022 meohosta
377 3969 411 4022 D.
516 3973 558 4026 16.
578 3971 627 4026 snb
646 3971 768 4040 ingessct
785 3969 820 4024 H.
925 3984 988 4038 ergo
1006 3969 1041 4022 Η.
1082 3967 1131 4040 lupe
1156 3971 1281 4022 executus
1298 3968 1330 4022 B.

269 4049 306 4078 11111
1113 4065 1118 4074 .

223 4089 276 4164 ipsi
288 4089 446 4167 desecentur
464 4091 494 4144 L.
603 4093 644 4147 ll.
662 4092 728 4148 abeo
746 4091 779 4146 A.
882 4089 1021 4160 repetendi
1045 4089 1079 4143 D.
1185 4087 1227 4141 18.
1252 4087 1333 4157 potiti

223 4181 288 4232 suni
305 4178 336 4232 L.
426 4177 467 4231 19.
487 4179 560 4230 orior
577 4178 609 4230 A.
681 4183 708 4234 et
725 4193 820 4234 moneo
839 4177 874 4231 Η.
952 4180 985 4231 ut
999 4176 1052 4246 ipsi
1070 4191 1098 4229 se
1116 4174 1175 4232 HL
1271 4189 1332 4242 pro·

223 4263 305 4317 deant
322 4263 356 4316 D.
426 4279 475 4332 per
492 4263 578 4332 patris
596 4264 629 4317 D.
717 4265 760 4320 10.
781 4267 931 4334 magestate
950 4263 986 4316 H.
1064 4261 1138 4316 uiros
1156 4259 1285 4314 sublimes
1297 4258 1331 4311 D.

224 4347 345 4402 sullimes
363 4349 394 4402 B.
482 4349 545 4403 illos
562 4347 629 4414 fehlt
649 4349 682 4404 D.
781 4351 824 4405 21.
843 4349 978 4405 iacturum
994 4348 1122 4418 promitto
1140 4346 1175 4400 D.
1269 4343 1334 4398 suut

223 4430 349 4502 ugus.

1067 4519 1117 4588 4*
