3208 5024
288 389 324 443 40
798 383 838 448 11,
856 385 883 438 3.

288 553 355 620 Aut
379 571 458 634 quae
481 552 514 615 te
545 547 617 614 tam'
633 547 748 613 infesta
768 547 816 612 vis
839 547 872 611 in
899 547 977 612 haec
999 546 1095 612 verha
1122 544 1288 625 sollicitat,
1325 566 1397 612 cum

290 659 326 723 tu
349 654 424 722 olim
445 654 596 730 suaseris,
619 655 651 717 et
673 651 785 716 merito
808 653 1048 732 constanterque
1071 651 1277 733 persuaseris,
1309 670 1398 717 arma

289 780 347 826 nos
370 777 493 824 sumere
520 758 686 822 adversum
708 758 835 832 Persas,
874 757 907 820 et
930 755 963 818 in
985 754 1042 819 illa
1061 757 1110 820 tot
1141 755 1278 820 hostium
1310 755 1399 821 milia

290 863 359 929 sola
381 861 477 927 animi
501 861 616 926 virtute
637 859 810 924 militasse?
846 859 932 923 Num
952 860 1065 924 horum
1086 859 1151 923 tela
1173 858 1311 923 eciemve
1326 879 1397 942 per·
1438 875 1439 878 ’

253 961 502 1042 5horrehimus,
542 964 594 1046 qui
626 961 796 1028 avertimus
816 963 1096 1040 Lacedaemonios,
1134 962 1266 1027 vicimus
1290 961 1399 1028 Corin-

290 1069 386 1146 thios,
419 1067 589 1134 stravimus
611 1067 775 1150 Mogaios,
798 1065 1045 1148 Zacynthiosque
1071 1065 1255 1141 excidimus,
1289 1068 1343 1149 [11
1357 1068 1398 1136 Μ,

293 1173 371 1254 ra]
400 1171 440 1236 ad
468 1175 663 1254 postremum
684 1170 780 1234 etiam
801 1171 850 1235 tot
871 1169 958 1234 milia
979 1170 1090 1234 Xerxis
1119 1169 1202 1252 regis
1226 1170 1398 1254 abegimus,

291 1275 346 1360 qui
377 1295 463 1340 mare
494 1274 629 1340 molibus
661 1274 854 1356 navibusque
884 1274 1014 1350 stravit,
1051 1273 1104 1355 qui
1134 1277 1253 1338 terram
1275 1293 1399 1339 omnem

292 1379 430 1444 exercitu
454 1398 510 1443 suo
534 1377 673 1460 operuit,
699 1377 752 1460 qui
774 1377 877 1460 ipsum
900 1381 1003 1440 aerem
1024 1377 1098 1440 telis
1119 1377 1289 1460 iaculisque
1312 1377 1399 1442 vela·

235 1482 276 1542 10
292 1483 363 1549 rit?
407 1483 524 1548 Orem
548 1481 728 1558 ridiculam,
751 1479 872 1545 medius
895 1480 1000 1544 fidius!
1039 1481 1112 1544 huic
1134 1479 1399 1546 inconsultissima

292 1605 388 1670 puero
410 1605 472 1650 non
494 1585 620 1651 obviare
641 1604 713 1662 nos,
744 1585 798 1666 qui
820 1587 869 1649 tot
890 1584 1017 1666 proeliis
1039 1583 1210 1666 pollemus!
1255 1583 1399 1667 Namque

294 1693 433 1754 oratores
453 1691 577 1754 nostros
602 1688 709 1754 subtili
734 1688 870 1770 quodam
896 1690 928 1752 et
949 1686 1143 1752 clandestino
1169 1687 1228 1751 sihi
1254 1687 1321 1752 dari
1343 1708 1399 1771 po-

294 1791 394 1857 stulat
415 1791 560 1868 oonsilio,
584 1810 644 1874 quo
666 1791 758 1856 facile
782 1791 947 1872 spoliatam
972 1790 1151 1855 custodibus
1173 1791 1284 1855 urbem
1302 1791 1402 1874 possit

294 1893 408 1962 adire.“

236 1997 276 2056 15
310 2081 316 2092 Ι
382 1998 416 2066 3.
462 1999 567 2081 [1311.
590 1997 670 2079 911]
707 1997 808 2081 Igitur
823 1995 1031 2062 Athenienses
1048 1997 1268 2063 Demosthenis
1290 1997 1402 2063 dehinc

296 2101 426 2168 consilia
452 2102 613 2186 flagitant,
647 2101 700 2184 qui
729 2121 824 2165 manu
856 2101 1016 2165 silentium
1050 2101 1164 2183 populo
1195 2100 1401 2166 tumultuant’

198 2201 201 2208 ’
295 2204 435 2270 indicens
458 2206 519 2270 ait:
556 2206 608 2284 „0
634 2205 717 2270 cives
739 2205 813 2282 viri,
852 2203 958 2289 agitur
985 2205 1063 2268 haec
1094 2205 1196 2283 curia,
1234 2205 1282 2269 uti
1304 2205 1404 2281 video,

296 2327 389 2390 super
409 2305 563 2386 tractatu,
597 2311 744 2373 utrumne
773 2328 861 2374 arma
881 2308 971 2373 nohis
1000 2309 1167 2373 adversum
1190 2307 1404 2373 Alexandrum

296 2411 360 2476 sint
381 2410 548 2489 sumenda,
569 2430 609 2474 an
632 2411 698 2474 eius
720 2411 949 2474 conditionibus
969 2410 1211 2493 obsequendum.
1255 2413 1305 2476 Ad
1323 2411 1405 2494 quod

238 2516 279 2576 20
296 2513 447 2580 accedens
469 2533 532 2580 non
555 2514 693 2598 segniter
714 2533 764 2578 me
787 2513 951 2578 Aeschinis
973 2515 1162 2579 sententiam
1185 2515 1313 2580 laudare
1332 2534 1404 2598 pro-

296 2618 418 2683 fitebor.
463 2617 547 2683 Usus
577 2619 625 2682 est
655 2617 738 2681 enim
769 2618 909 2682 oratione
938 2616 1106 2682 admodum
1130 2619 1404 2700 temperatissima,

297 2739 334 2786 ox
357 2740 419 2803 qua
439 2721 563 2786 videtur
585 2722 833 2804 praemonuisse,
858 2741 958 2804 neque
982 2721 1186 2786 diffidendum
1207 2723 1345 2799 viribus,
1379 2723 1406 2786 si

297 2824 478 2890 bellandum
500 2825 597 2900 foret,
620 2842 720 2906 neque
741 2825 852 2888 horum
876 2825 1138 2906 contemplatione
1156 2844 1304 2907 praeseus
1320 2844 1406 2890 conr·

297 2927 424 2994 modum
448 2927 686 3012 neglegendum.
731 2929 837 3011 [1411.
864 2934 903 2992 10
914 2927 965 3008 Β]
982 3003 987 3010 ,
1005 2928 1050 2993 At
1079 2947 1154 2993 vero
1175 2929 1332 2994 Demades
1359 2929 1406 2994 ita

384 3105 410 3158 2.
429 3107 634 3173 constanterque
652 3105 769 3158 suaseris
788 3105 819 3158 B.
890 3107 917 3160 4.
936 3107 1037 3162 uirtute
1049 3105 1082 3160 A.
1151 3122 1227 3161 orum
1239 3107 1273 3159 H.
1344 3121 1404 3174 per·

284 3189 443 3250 ¹orrebimus
461 3191 493 3244 A.
580 3193 606 3246 h.
626 3191 672 3259 qui
690 3191 837 3244 auertimus
848 3191 907 3244 ΗΒ.
945 3191 1008 3260 quia
1026 3192 1156 3249 uertimus
1170 3193 1224 3246 ΑΕ.
1256 3191 1405 3260 quiaever·

295 3276 380 3330 timus
391 3275 423 3330 L.
510 3275 570 3330 luce
586 3275 722 3330 demouios
740 3277 770 3330 Ε.
854 3277 989 3346 uincimus
1000 3277 1031 3331 L.
1068 3279 1172 3332 uicinus
1184 3279 1219 3332 H.
1249 3279 1360 3332 ultimus
1372 3277 1405 3331 A.

297 3361 461 3416 chorinthios
478 3361 512 3415 H.
550 3362 685 3416 cerinthos
702 3361 776 3416 LVb.
864 3364 889 3418 6.
909 3379 1030 3432 megares
1050 3363 1178 3418 HLABH.
1215 3365 1340 3434 Hageroe
1355 3363 1405 3418 Vh.

296 3447 470 3516 Megarenses
488 3446 569 3514 Mai,
586 3447 669 3501 Muli.
703 3448 744 3501 ἔτι
760 3465 789 3502 τε
809 3453 952 3521 Μεγαρεῖς
970 3449 1198 3520 φυγαδεύσαντες
1214 3450 1247 3504 A.
1319 3451 1406 3504 zuein·

296 3534 377 3602 tiqsq.
399 3533 434 3587 Η.
470 3533 652 3602 zacinthiosq3
671 3533 725 3586 ΒΕ.
761 3535 946 3605 zacinthycsq:
960 3536 991 3590 L.
1027 3535 1204 3605 zachithiosq:
1225 3537 1257 3589 A.
1338 3537 1405 3590 oeci·

298 3618 386 3674 dimus
403 3619 436 3673 A.
526 3621 551 3672 7.
570 3618 627 3673 mil.
647 3617 736 3674 milita
756 3620 791 3674 H.
880 3622 964 3676 xersis
983 3623 1063 3676 HAH.
1153 3622 1179 3675 8.
1198 3621 1347 3691 nauigiisq:
1373 3623 1404 3676 A.

297 3705 370 3759 omni
386 3705 418 3758 L.
526 3707 551 3759 9.
579 3703 668 3773 ipsum
696 3719 784 3759 aerem
810 3706 887 3761 LBE.
932 3709 1021 3776 ipsum
1048 3723 1111 3762 aera
1136 3707 1169 3760 A.
1213 3708 1273 3776 ipse
1298 3716 1347 3762 are
1370 3709 1404 3762 H.

296 3791 412 3845 adiuuit
429 3791 484 3846 LB.

383 3875 413 3931 Β.
450 3877 557 3946 requi
576 3893 656 3931 manu
675 3905 710 3916 -
732 3876 904 3941 aitselaltll.
1012 3877 1053 3930 17.
1077 3892 1141 3931 cura
1159 3876 1217 3932 HL.
1322 3882 1353 3932 ut
1370 3878 1405 3932 H.

297 3960 340 4015 18.
360 3964 479 4017 tractatu
490 3963 522 4017 Β.
540 3962 618 4029 Mai,
637 3962 720 4016 Mart.
755 3966 842 4018 tracta
854 3963 889 4016 Η.
919 3965 1009 4017 tractu
1025 3963 1122 4018 LHVb.
1154 3967 1242 4018 tractu
1255 3965 1286 4017 A.
1358 3963 1405 4017 ad·

296 4061 391 4102 uersus
409 4047 440 4102 B.
545 4049 588 4102 20.
618 4049 746 4116 seguiter
773 4050 808 4104 H.
857 4049 976 4117 segniter
1001 4050 1141 4118 comitet
1166 4066 1219 4104 aas
1243 4049 1356 4117 signiter
1373 4049 1404 4101 Ε.

297 4134 385 4187 sentia
401 4131 434 4186 A.
522 4133 565 4187 21.
584 4133 655 4187 enim
673 4137 716 4187 est
732 4134 763 4187 L.
852 4136 1098 4203 temperantissima
1115 4135 1187 4188 LVb.
1266 4135 1308 4187 22.
1328 4149 1405 4202 prae·

296 4219 431 4274 monuisse
449 4217 528 4272 ABE.
563 4211 747 4288 promon'uisse
766 4219 824 4272 HL.
895 4222 938 4275 23.
957 4221 1025 4274 horu
1037 4221 1118 4274 HLB.
1137 4229 1186 4274 oru
1196 4219 1227 4272 A.
1246 4218 1341 4273 harum
1353 4220 1404 4274 Vh.

295 4320 406 4374 presens
425 4303 536 4359 comoda
555 4303 587 4358 B.
623 4305 759 4374 praesenti
778 4305 914 4360 commoda
933 4305 966 4360 A.
1007 4305 1142 4374 praesenti
1166 4305 1302 4360 commodo
1323 4305 1403 4360 HLE.

294 4391 449 4459 praesentia
466 4389 604 4446 commoda
620 4391 770 4460 neglexisse
788 4389 837 4444 Vb.
927 4391 968 4446 24.
986 4389 1125 4446 demethes
1143 4390 1178 4444 H.
