3208 5024
714 429 770 493 111,
790 429 833 487 20.
1298 426 1332 481 57

224 591 413 658 satellitibus
438 591 620 656 obtulerunt
646 591 784 674 primum
806 591 1004 666 Ptolomaeo,
1040 589 1128 654 cuius
1158 591 1234 654 tunc
1262 591 1335 672 post

224 713 331 777 rogem
361 695 480 776 primus
511 694 578 758 erat
606 694 639 758 in
669 694 776 758 ordine
803 693 928 776 gradus.
973 693 1075 774 [5011.
1088 697 1136 763 ,31
1149 692 1197 773 R]
1242 693 1333 774 Isque

138 867 144 878 ,
224 817 294 861 mox
326 797 364 861 sd
388 816 494 880 regem
515 796 674 879 ingressus
694 795 855 860 intimavit
877 796 906 860 ci
928 798 960 860 et
991 811 1139 876 personae
1162 795 1334 859 novitatem

225 903 257 964 et
279 919 405 964 causam
428 899 589 964 adrentus.
634 899 679 963 At
701 917 775 963 vero
797 896 975 962 Alexander
996 897 1214 962 Ptolomaeum
1236 897 1331 980 regiis

225 1003 417 1068 ornamentis
450 1002 593 1066 indutum
624 1002 790 1084 procedere
823 1001 924 1065 iussit
982 1001 1044 1064 Ast
1074 1000 1129 1064 ubi
1162 999 1371 1065 Candeules5

224 1105 316 1168 illum
337 1105 468 1169 intuitus
491 1107 555 1181 est,
576 1104 745 1168 aestimans
767 1123 839 1167 eum
856 1101 1070 1168 Alexandrum
1085 1101 1197 1177 irrisae,
1219 1121 1334 1184 pronus

226 1207 369 1272 adoravit
390 1207 423 1270 in
444 1209 571 1272 terram.
617 1209 713 1271 Porro
734 1207 935 1271 Ptolomaeus
951 1205 1144 1288 Antigonum
1166 1205 1335 1270 satellitem

226 1309 284 1375 sibi
307 1309 400 1374 iussit
426 1309 549 1387 adesse,
577 1329 633 1392 pro
657 1329 717 1391 quo
749 1329 817 1374 sese
841 1307 1019 1374 Menander
1041 1307 1165 1374 obtulit.
1211 1309 1334 1390 [5111]

226 1413 364 1494 Cumque
388 1413 560 1477 Candaules
582 1431 710 1477 causam
735 1411 784 1476 sni
805 1412 959 1476 adventus
975 1411 1155 1476 Ptolomaeo
1174 1409 1335 1488 indiceret,

226 1517 405 1597 peteretque
427 1515 576 1580 auxilium
598 1515 703 1580 uxoris
726 1515 971 1598 recuperandae,
1005 1515 1051 1578 uit
1073 1514 1273 1578 Ptolomaeus
1296 1513 1395 1578 ad10

227 1617 456 1683 Alexandrum:
478 1667 495 1695 „
505 1617 586 1698 Quid
609 1618 682 1696 tibi,
705 1618 879 1700 Antigone,
901 1623 993 1698 super
1016 1617 1075 1681 hac
1090 1617 1245 1682 sententia
1260 1637 1333 1681 cen-

227 1721 357 1785 sendum
380 1721 550 1786 ridetur?“
573 1757 617 1768 -
661 1720 834 1803 Respondit
848 1719 1042 1786 Alexander:
1064 1717 1203 1795 „Cum,“
1226 1719 1336 1801 inquit,

227 1873 244 1900 „
252 1821 457 1888 confidentiae
480 1823 698 1906 amicitiaeque
720 1842 806 1888 more
828 1841 903 1886 usus
928 1821 1112 1904 suffragium
1133 1823 1201 1885 ate
1222 1821 1336 1903 implo-

226 1929 292 2002 rat,
324 1927 454 2009 dignum
476 1926 555 1990 mibi
580 1926 706 1990 ridetur
726 1924 775 1988 illi
810 1925 1082 1989 succurrendum.“
1126 1923 1244 1987 Deinde
1265 1943 1335 2006 per-

228 2031 393 2092 cunctatur
423 2029 640 2104 Ptolomaeus,
680 2029 757 2110 quot
788 2027 876 2091 milia
906 2027 1045 2092 militum
1075 2025 1247 2092 Candaules
1277 2026 1336 2092 sibi
1356 2031 1394 2090 15

228 2131 402 2194 necessaria
424 2133 558 2211 putaret
601 2129 775 2212 Respondit
806 2128 877 2204 ille,
915 2131 1071 2210 quattuor.
1117 2129 1238 2194 Rursus
1260 2129 1336 2192 Pto·

227 2231 367 2296 lomaeus
387 2231 579 2297 Alexandro:
604 2231 755 2308 ‚,Nulli,“
776 2231 892 2312 inquit,
916 2231 1146 2314 „oAntigone,
1169 2230 1201 2293 id
1220 2229 1336 2294 laboris

228 2333 366 2399 officium
390 2333 502 2423 melius
524 2334 754 2416 exsequendum
777 2331 885 2411 oredo,
908 2352 1003 2414 quum
1024 2333 1097 2410 tibi,
1121 2333 1220 2415 quiin
1236 2333 1337 2398 omni·

156 2509 159 2518 ,
228 2437 286 2501 bus
311 2439 436 2502 sbenue
451 2455 488 2502 sc
504 2435 649 2502 nobiliter
665 2436 824 2502 decertare
845 2443 1079 2501 consueveras.“
1115 2437 1244 2500 Fatetur
1259 2435 1336 2500 Ale·

229 2539 360 2616 rander,
388 2559 421 2604 se
443 2539 474 2604 id
497 2539 609 2604 libenti
628 2541 732 2605 animo
754 2541 1002 2622 prosecuturum.
1355 2543 1397 2600 10

314 2641 370 2708 24).
416 2645 558 2724 Accepta
595 2643 693 2726 igitur
730 2641 924 2725 expeditione
957 2641 1089 2722 profecti
1130 2643 1204 2706 sunt
1236 2642 1339 2717 ambo,

228 2744 405 2810 Alexander
427 2744 574 2810 videlieet
595 2765 668 2810 cum
689 2745 770 2822 suis,
794 2743 1027 2827 Candaulcsque
1051 2744 1213 2808 cumanis.
1231 2741 1337 2830 [5111

228 2961 363 3026 utpeteret
386 2958 453 3012 abeo
558 2959 638 3027 quieu
663 2959 787 3012 uenissed
810 2958 1064 3026 comprehendentes
1096 2975 1156 3012 eunr
1183 2958 1338 3012 macedones

230 3059 288 3096 cum
308 3042 364 3096 suis
384 3043 524 3097 satellibus
541 3043 699 3112 optulerunt
716 3060 776 3096 eum
794 3044 909 3111 primurn
931 3043 1094 3097 tholomeum
1113 3046 1146 3098 Η.
1226 3045 1250 3096 1.
1263 3044 1338 3096 cuius

229 3133 336 3197 tempus
355 3129 427 3197 apud
449 3145 539 3198 regom
568 3129 682 3196 primurn
701 3133 768 3183 eret.
794 3128 935 3209 inordina
955 3128 1064 3197 gradus.
1083 3129 1117 3183 D.
1222 3129 1248 3181 2.
1268 3129 1339 3196 ipse·

230 3229 281 3282 qne
304 3213 336 3265 A.
447 3215 473 3268 3.
498 3215 637 3283 ingressus
659 3213 693 3267 ad
718 3229 810 3283 regem
836 3215 869 3268 D.
980 3215 1005 3268 4.
1032 3229 1111 3290 cause
1136 3213 1281 3268 aduentum
1303 3215 1338 3267 D.

229 3298 365 3352 tholomeu
385 3299 420 3350 H.
509 3299 582 3367 regis
599 3315 665 3352 arna
683 3299 754 3355 or'rtis
766 3300 802 3352 H.
834 3298 986 3368 ptholomeo
1004 3301 1062 3369 regi
1081 3299 1248 3368 buicrcgnm
1261 3315 1339 3352 orne-

229 3384 328 3438 mentis
347 3383 458 3437 indntns
476 3385 510 3439 D.
600 3383 758 3438 11111.
848 3384 916 3438 Cum
934 3400 999 3452 ergo
1017 3384 1160 3438 andeolus
1178 3400 1238 3437 cunr
1256 3385 1339 3438 intui·

228 3473 272 3524 tus
299 3473 379 3523 esset
405 3471 438 3522 D.
545 3471 571 3525 6.
590 3469 666 3523 illum
685 3471 716 3524 B.
762 3470 908 3524 exstimans
933 3469 1010 3524 illum
1035 3486 1094 3524 esse
1111 3469 1283 3523 nlexundmm
1304 3471 1338 3524 D.

229 3558 254 3610 7.
273 3557 301 3609 in
320 3559 401 3610 terra.
421 3557 454 3608 D.
521 3556 674 3624 antigone
692 3557 726 3609 D.
822 3559 874 3611 5-
888 3561 914 3613 8.
936 3555 1077 3624 procedere
1097 3555 1185 3610 iussit.
1219 3555 1339 3624 Cumque

229 3641 404 3708 processisset
423 3641 582 3710 antigonum
600 3646 655 3712 nup
671 3641 743 3709 cepit
762 3641 813 3694 sibi
832 3639 937 3696 adesse
949 3641 982 3694 Η.
1053 3642 1079 3693 8.
1093 3657 1122 3694 se
1134 3641 1167 3694 A.
1238 3642 1263 3694 9.
1276 3657 1339 3694 can·

229 3723 322 3778 declus
340 3726 373 3779 D.
464 3725 596 3780 indiceret
613 3725 775 3794 ptholomeo.
794 3727 827 3778 D.
917 3725 956 3778 11.
974 3723 1117 3779 alexandro
1136 3725 1170 3778 D.
1258 3741 1339 3778 oan-

228 3809 320 3878 tigone
339 3809 370 3862 B.
465 3810 534 3864 banc
550 3809 712 3864 sententiam
728 3811 763 3863 D.
872 3811 912 3862 14.
937 3809 979 3863 ilii
998 3809 1054 3863 iore
1073 3807 1286 3863 succurrendum.
1305 3811 1338 3865 D.

228 3897 436 3962 percunctantur
449 3895 480 3948 A.
499 3899 691 3963 percontantur
703 3893 735 3947 A.
764 3895 834 3947 Dum
852 3893 915 3948 binc
931 3897 1119 3962 percunctatur
1131 3894 1164 3946 D.
1237 3895 1278 3948 15.
1291 3895 1338 3948 ho·

229 3981 331 4034 minum
350 3979 494 4036 condeolus
511 3981 543 4033 D.
650 3983 691 4036 16.
718 3996 779 4033 um.
802 3979 849 4034 ille
869 3983 902 4034 A.
943 3979 990 4032 ille
1011 3979 1079 4044 sebit
1099 3979 1132 4033 D.
1241 3980 1282 4032 17.
1300 3979 1341 4033 ait

229 4065 379 4120 Alexandro
395 4065 475 4118 ΑΒΕ.
576 4065 665 4134 inquit
681 4065 747 4130 sebit
761 4065 865 4118 LADD.
954 4064 1052 4130 cseblt
1073 4065 1108 4118 Η.
1217 4067 1338 4120 11111-

229 4151 362 4219 quendum
380 4149 460 4204 ABE.
551 4151 591 4204 19.
611 4149 760 4205 Alexander
774 4147 842 4215 sebit
855 4151 887 4202 D.
982 4149 1025 4202 20.
1043 4149 1072 4204 id
1090 4151 1111 4203 s'
1129 4149 1225 4203 libenti
1249 4151 1338 4203 animo

229 4237 406 4303 profuturum.
433 4237 466 4289 D.
573 4236 653 4289 Acco
678 4237 708 4289 r'rr
724 4235 821 4289 diesem
840 4235 938 4303 copied
964 4235 1040 4290 bietct
1060 4235 1103 4290 die
1124 4237 1234 4304 φὲιοηιι
1252 4235 1340 4303 stripe

229 4321 318 4374 etorke
335 4321 541 4390 machmam
562 4337 615 4375 corr
632 4321 692 4376 dem
711 4327 780 4376 Date
797 4321 843 4374 der
861 4321 888 4373 Ι.
913 4321 1048 4374 Valerius.

315 4406 365 4461 20.
400 4407 443 4461 21.
462 4407 624 4476 expetitione
641 4409 671 4461 L.
750 4407 793 4460 22.
812 4405 937 4462 videlicet
952 4398 1071 4473 seblt'D.
1148 4403 1291 4458 cendeolua
1302 4404 1337 4458 D.
