3208 5024
307 411 341 465 26
805 417 833 479 I,
854 417 897 470 24.

307 577 461 643 elementa
480 577 643 643 venditant
665 581 778 644 Persae
801 578 1000 658 mortalibus,
1030 599 1109 663 quae
1131 581 1207 646 deus
1230 583 1351 648 eunetis
1373 585 1405 648 in

307 700 468 746 commune
498 683 631 766 largitus
665 683 761 748 est?“
804 683 938 748 Delebat
972 703 1062 767 ergo,
1099 686 1180 766 qued
1210 684 1270 750 viri
1301 687 1407 770 graeei

305 785 440 850 neminis
462 803 499 849 ae
522 786 683 868 dignitatis
706 787 876 870 vectigales
891 787 1032 852 barbaris
1048 789 1166 853 fierent.
1211 789 1312 872 Igitur
1326 791 1407 854 ferre

304 887 391 952 iubet
414 881 455 954 ad
476 890 603 955 Darium
627 910 646 956 a
667 910 700 956 se
721 892 886 969 mandata,
923 893 1044 956 scilieet
1072 893 1119 958 uti
1142 893 1181 957 ab
1202 894 1262 957 hae
1282 894 1407 976 petendi

268 987 286 1046 5
305 993 527 1082 consuetudine
550 997 757 1076 temperaret;
795 996 842 1059 sin
865 995 969 1073 aliter,
997 996 1107 1073 sciret,
1139 1015 1206 1062 sese
1238 1017 1308 1061 eum
1331 999 1406 1063 Ale-

304 1097 419 1163 xandro
438 1099 553 1180 proelio
578 1099 680 1163 aerius
701 1101 962 1164 aoneertaturum.
1007 1099 1065 1164 His
1082 1101 1174 1164 dietis
1190 1101 1286 1184 erigit
1301 1102 1406 1166 hemi-

304 1220 359 1265 nes
381 1201 544 1284 prefieisei.
576 1202 716 1280 Interea,
740 1203 813 1266 dum
830 1222 937 1268 rursus
954 1203 1056 1268 vieina
1076 1204 1188 1268 civitas
1204 1205 1242 1269 de
1258 1206 1406 1288 obsequie
1458 1227 1463 1234 ·

304 1305 480 1382 vacillaret,
518 1305 610 1370 datur
640 1306 816 1372 Alexandra
846 1307 1017 1390 expediti03
1052 1308 1141 1391 pergi
1175 1326 1296 1390 queque
1333 1308 1408 1372 illue

303 1409 424 1473 iussum
447 1410 504 1473 est.

247 1515 287 1572 10
390 1511 448 1578 24.
495 1514 598 1594 [1011.
631 1517 728 1597 litt]
772 1517 938 1580 Enimvero
978 1516 1097 1580 interea
1133 1517 1303 1581 Pausanias
1339 1516 1408 1598 qui-

306 1616 378 1680 dam
399 1617 540 1694 nemine,
564 1618 672 1699 opibus
696 1621 729 1682 et
751 1619 868 1683 diuitiis
891 1620 1039 1696 affluens,
1064 1619 1096 1682 in
1112 1618 1305 1702 Olympiadis
1328 1619 1407 1683 desi·

305 1720 422 1784 derium
445 1739 643 1804 amoremque
664 1723 827 1805 prolapsus
848 1725 904 1788 est.
949 1723 1008 1803 Qui
1031 1742 1102 1787 eum
1123 1741 1178 1804 per
1200 1723 1408 1788 internuntios

305 1822 515 1906 adtemptaret
533 1827 565 1889 et
583 1825 696 1892 mulier
718 1828 919 1904 censentiret,
941 1827 1061 1892 seilicet
1075 1829 1111 1892 ut
1126 1827 1247 1893 deserte
1263 1827 1407 1910 Philippo

304 1928 344 1992 ad
366 1928 454 1992 illum
478 1931 710 2008 transnuberet,
748 1931 919 1996 Pausanias
949 1949 1070 2014 quoque
1098 1931 1304 2013 opportunum
1327 1932 1409 1995 tem-

247 2039 286 2097 15
305 2051 363 2114 pus
381 2032 576 2112 existimans,
601 2035 673 2118 quia
695 2033 872 2100 Alexander
892 2037 967 2100 tune
987 2034 1068 2098 ferte
1089 2035 1214 2112 aberat,
1238 2033 1327 2098 euius
1345 2033 1410 2099 iam

304 2136 537 2201 formidolosum
559 2157 671 2204 nemen
694 2141 761 2204 erat
782 2139 929 2216 nimium,
958 2140 1084 2220 repente
1106 2137 1197 2204 irruit
1219 2156 1311 2220 super
1334 2139 1409 2202 Phi-

305 2241 435 2326 lippum,
462 2262 593 2325 eumque
615 2243 742 2308 vulnere
764 2243 932 2326 praevenit.
978 2243 1136 2322 Quicum
1164 2241 1301 2306 letaliter
1327 2241 1409 2306 ictus

305 2348 402 2422 esset,
425 2347 552 2412 festinat
573 2366 644 2411 mox
667 2347 838 2411 Pausanias
860 2347 898 2410 ad
922 2349 1047 2428 raptum
1071 2346 1271 2429 Olympiadis.
1290 2345 1408 2426 [1111]

305 2451 420 2534 Igitur,
444 2469 516 2516 eum
537 2449 638 2514 adhue
659 2450 793 2531 populus
814 2450 846 2513 in
866 2451 989 2514 theatro
1005 2449 1198 2527 turbaretur,
1224 2448 1304 2512 forte
1317 2449 1410 2514 rebus

248 2547 288 2604 20
305 2574 341 2618 er
374 2554 527 2619 sententia
560 2553 745 2636 perpetratis
777 2553 953 2618 Alexander
983 2553 1177 2636 supervenit,
1221 2551 1410 2635 offenditque

305 2659 413 2724 turbas
436 2661 468 2722 et
490 2659 625 2740 Philippi
647 2658 785 2723 vulnera.
831 2657 950 2736 Quibus
983 2656 1117 2740 cognitis
1144 2656 1264 2721 irruens
1291 2656 1410 2741 regiam

306 2763 508 2845 deprehendit
529 2763 700 2826 Pausaniae
724 2762 913 2826 violentiam.
960 2759 1099 2843 Cumque
1130 2781 1202 2825 eum
1230 2761 1332 2826 iaeule
1355 2761 1409 2824 de-

296 2867 450 2955 stinaret,
481 2869 698 2949 tenereturque
721 2864 885 2930 formidine
907 2866 1016 2930 matris
1042 2865 1268 2943 vulnerandae,
1299 2863 1407 2946 Olym-

191 3111 194 3118 .
397 3062 420 3114 1.
439 3061 557 3114 uendant
574 3061 607 3114 D.
642 3059 780 3114 uindicant
797 3061 831 3113 H.
921 3061 945 3112 2.
965 3059 1036 3128 quod
1053 3061 1106 3114 uiri
1123 3061 1239 3129 gentiles
1256 3059 1362 3114 nemine
1381 3061 1409 3113 et

306 3149 439 3218 dignitate
457 3148 489 3201 D.
595 3149 620 3201 3.
639 3147 703 3200 ferri
725 3147 755 3200 D.
860 3149 886 3200 4.
906 3145 940 3201 ad
959 3146 1064 3200 darium
1082 3145 1158 3200 iubet
1175 3147 1207 3200 B.
1311 3145 1362 3198 hae
1381 3161 1409 3199 se

307 3235 416 3305 petendi
430 3237 461 3288 D.
550 3237 575 3287 6.
594 3237 794 3288 concertaturus
812 3235 843 3289 H.
881 3249 909 3286 se
928 3250 987 3286 cum
1006 3233 1147 3287 alexandro
1165 3234 1263 3288 aeriter
1280 3233 1410 3301 proelium

307 3326 470 3376 certaturum
489 3321 577 3374 sciret.
596 3322 629 3374 D.
721 3321 778 3388 egit
795 3321 826 3373 Ε.
863 3324 963 3374 exeunt
981 3320 1107 3374 homines.
1128 3321 1162 3373 D.
1256 3320 1282 3374 7.
1300 3335 1360 3373 eum
1378 3320 1409 3374 B.

307 3425 399 3464 rursus
424 3407 491 3474 fehlt
516 3409 550 3461 D.
663 3409 689 3461 8.
716 3405 860 3460 alexander
885 3406 950 3460 illue
977 3422 1025 3475 pre
1051 3405 1152 3474 proelio
1178 3406 1276 3460 missus
1301 3411 1350 3460 est.
1375 3409 1409 3460 D.

308 3497 364 3551 illie
379 3497 410 3550 L.
447 3495 556 3564 Quoque
574 3493 651 3562 pergi
674 3495 738 3548 illue
750 3495 784 3546 H.
815 3493 957 3560 pergitque
973 3507 1025 3560 quo
1043 3492 1193 3546 iussusest.
1213 3491 1263 3545 Vb.
1290 3493 1409 3560 pergi-

308 3587 411 3640 iussum
429 3587 478 3636 est.
496 3581 565 3648 fehlt
582 3583 615 3634 D.

396 3666 686 3725 24.10.Cuuer0ll.
764 3664 867 3718 interea
877 3665 945 3732 fehlt
956 3666 989 3718 D.
1059 3663 1253 3733 pausianiasll.
1326 3667 1367 3720 11.
1384 3671 1412 3720 et

309 3758 404 3827 opibus
420 3759 453 3810 D.
525 3753 628 3808 diuitiis
647 3752 703 3806 DV.
740 3751 835 3805 dilitiis
854 3753 883 3805 L.
911 3751 1014 3806 deliciis
1032 3751 1137 3804 HABE.
1219 3753 1260 3806 12.
1276 3768 1365 3808 amore
1377 3755 1411 3808 D.

309 3847 401 3914 lapsus
415 3845 447 3897 L.
544 3842 585 3895 13.
604 3841 767 3906 atemptaret
783 3838 813 3890 L.
850 3855 910 3893 enm
927 3840 1030 3894 interea
1053 3839 1162 3906 nuptias
1187 3841 1362 3910 attemptaret
1378 3842 1411 3894 D.

310 3935 338 3986 et
355 3931 450 3986 mulier
467 3927 610 3982 HLABDlt
628 3925 692 3978 Mai
702 3925 742 3978 ed.
754 3924 818 3990 Fcf.
853 3926 1049 3995 adternptasset
1065 3925 1160 3995 enquid
1178 3926 1273 3982 mulier
1292 3927 1356 3982 Mar·
1371 3927 1411 3982 ed.

309 4019 388 4074 Rem.
424 4015 672 4083 eademptaretur
696 4011 899 4066 mulier‘Mdll.
982 4016 1034 4079 Τῆς
1052 4012 1081 4066 δὲ
1101 4011 1292 4084 Ὀλυμπιάδος
1307 4015 1346 4087 μὴ
1365 4033 1412 4066 κα-

309 4102 478 4171 τανευοάσης
502 4101 603 4156 ALBC.
703 4099 807 4170 phylipi
826 4100 903 4153 thoro
915 4100 945 4153 L.
1045 4101 1085 4154 15.
1104 4100 1168 4168 quie
1185 4100 1253 4154 lerte
1266 4100 1415 4156 Alexander

310 4194 415 4248 tuneD.
499 4191 539 4244 16.
558 4187 703 4244 inruitAll.
732 4202 762 4240 re
778 4186 858 4240 irruit
875 4187 908 4239 D.
1006 4187 1046 4240 17.
1070 4187 1205 4242 loetaliter
1222 4188 1253 4241 Ε.
1351 4203 1412 4256 pro·

309 4281 393 4335 iaetus
413 4279 485 4332 esset
501 4278 533 4331 D.
624 4274 665 4329 18.
684 4289 744 4328 mox
759 4273 827 4339 fehlt
838 4274 869 4326 Β.
964 4274 1007 4330 21.
1026 4273 1119 4327 turbas
1137 4272 1240 4342 phylipi
1257 4275 1285 4328 1.
1371 4273 1413 4328 in·

309 4381 389 4422 ruens
406 4365 436 4420 ll.
487 4397 489 4404 ι
532 4365 575 4419 22.
594 4363 662 4430 Cuq.
682 4375 712 4414 ee
731 4359 767 4412 Η.
856 4359 899 4412 23.
927 4362 1114 4428 tenereturque
1140 4358 1207 4424 seru
1232 4361 1266 4414 D.
1352 4361 1413 4416 uul-

310 4453 427 4528 nerande
445 4451 554 4507 dimisit.
597 4449 634 4507 Te
654 4448 785 4516 olympias
810 4447 844 4500 D.
878 4537 882 4542 Ι
