3208 5024
318 394 354 448 48
812 395 854 460 11,
875 397 916 452 16.

318 555 408 620 Unus
438 555 551 640 quippo
581 575 617 620 ex
647 555 902 635 convivantibus,
941 559 1098 642 Pasarges
1133 561 1273 640 nomine,
1311 563 1430 630 olima

317 657 463 742 Philippo
486 658 621 742 hospitio
645 661 825 742 susceptus,
853 660 886 724 in
913 663 1052 726 mentem
1078 661 1137 728 sibi
1159 664 1277 728 redisse
1300 667 1430 747 prolite-

317 761 426 841 batur,
462 763 546 828 hunc
578 762 681 846 ipsum
712 763 926 828 Alexandrum
960 783 993 829 sc
1028 765 1073 830 ibi
1105 767 1272 848 puerulum
1303 768 1429 836 vidisse.

318 863 408 945 Quod
430 865 484 930 ubi
505 866 685 931 Alexander
706 869 812 933 mente
835 867 990 950 percepit,
1021 889 1084 934 una
1110 889 1183 934 cum
1205 873 1326 953 poculis
1349 894 1429 957 quae

281 971 388 1035 tsinu
410 969 557 1054 gestabat
584 969 749 1052 prosiliens
780 970 872 1046 exiit,
911 990 1044 1055 moxque
1070 991 1126 1055 pro
1154 973 1273 1040 loribus
1300 977 1431 1042 offendit

317 1093 415 1139 unum
437 1092 454 1138 e
477 1073 598 1152 Persis,
628 1091 741 1156 equum
764 1092 824 1156 quo
849 1073 1000 1139 advectus
1023 1075 1127 1140 fuerat
1153 1079 1324 1144 tenentem.
1369 1081 1429 1146 Cu-

318 1178 440 1243 stodem
468 1177 594 1260 quidem
625 1178 696 1260 oqui
728 1178 833 1261 gladio
870 1180 1053 1258 transfodit,
1090 1199 1320 1266 conscensoque
1350 1203 1429 1268 equo

316 1282 410 1365 fugae
427 1281 594 1347 consuluit.
630 1281 720 1361 Quod
736 1283 852 1347 Persae
868 1283 1010 1348 videntes
1026 1303 1114 1349 erma
1130 1289 1289 1351 sumentes
1306 1287 1430 1370 fugien-

316 1388 381 1451 tem
412 1385 533 1468 insequi
561 1385 780 1468 properabant.
826 1385 888 1452 Sed
917 1386 980 1451 illis
1002 1386 1123 1452 molitio
1154 1388 1275 1455 tardior
1298 1393 1330 1456 et
1351 1391 1429 1456 Ale-

260 1499 301 1556 10
317 1488 434 1555 xandro
465 1489 543 1572 tinga
571 1488 727 1554 efficacior
758 1491 835 1554 orat.
894 1490 1007 1555 Darius
1040 1494 1145 1556 autern
1180 1491 1293 1558 damno
1329 1495 1429 1560 hostis

319 1593 417 1676 elapsi
438 1593 535 1658 nimio
558 1611 699 1658 moerore
723 1591 928 1658 afficiebatur.
984 1595 1030 1659 At
1052 1614 1125 1660 vero
1147 1596 1327 1662 Alexander
1351 1618 1428 1664 eun-

319 1697 390 1761 dem
413 1697 495 1761 alvei
518 1696 639 1774 locum,
669 1715 730 1778 quo
753 1699 898 1773 venerat,
928 1715 961 1762 se
985 1700 1130 1781 appetere
1154 1719 1296 1782 sperans,
1319 1702 1430 1768 incidit

317 1799 350 1864 in
366 1799 469 1864 alium
490 1818 553 1864 nou
575 1800 791 1883 congelatum,
814 1799 969 1882 simulque
990 1801 1024 1865 in
1045 1801 1161 1867 flumen
1182 1803 1248 1886 ipse
1274 1807 1306 1870 et
1330 1824 1428 1888 equus

317 1905 349 1968 in
378 1903 533 1986 profunda
568 1906 755 1969 cornuontes
785 1904 969 1986 prosiliunt3
1005 1906 1069 1970 ism
1107 1907 1220 1990 quippo
1255 1925 1315 1973 nox
1350 1912 1428 1974 erat.

260 2018 299 2076 15
317 2009 387 2092 Ipse
411 2011 518 2073 eutem
540 2027 620 2090 equo
640 2008 775 2090 impulso
799 2011 911 2092 natatu
932 2009 1020 2088 exiit,
1044 2011 1427 2093 offenditquellumedum,

318 2131 410 2195 quem
437 2112 482 2176 ibi
511 2111 597 2195 prius
627 2111 797 2194 reliquerat
826 2131 898 2176 oum
929 2113 1016 2195 equis
1040 2112 1178 2191 duobus;
1215 2115 1267 2179 cui
1288 2117 1428 2181 morrei

316 2218 424 2299 gestae
446 2215 559 2282 seriem
581 2214 733 2298 explicat3
766 2217 863 2298 utque
886 2215 926 2280 ad
956 2209 1059 2282 castra
1082 2219 1313 2300 exercitumque
1336 2238 1429 2284 suum

316 2319 459 2402 pervenit
482 2320 576 2385 duces
598 2321 810 2403 primatesque
830 2339 903 2385 suos
925 2320 1026 2386 laetos
1048 2321 1132 2387 facto
1156 2323 1332 2406 participat

406 2440 461 2506 16.
497 2441 611 2522 [2811]
646 2440 891 2524 Sequenti-orgo
916 2440 964 2505 die
987 2442 1175 2507 instructam
1191 2443 1428 2527 ordinatamque

258 2543 419 2620 coaciam
439 2545 527 2610 iuxta
546 2543 716 2627 Strangsm
730 2543 1020 2609 fluuium'collocat.
1053 2543 1230 2628 Videntquc
1246 2547 1309 2612 iam
1328 2549 1428 2613 intre·

316 2649 381 2732 pidi
405 2648 594 2714 Macedones
615 2648 746 2713 Darium
778 2667 850 2712 cum
879 2647 944 2712 suis
974 2647 1151 2716 adventare.
1203 2649 1322 2716 Statuit
1352 2654 1430 2720 tunc

316 2855 399 2909 uertit
422 2855 454 2910 B.
569 2856 593 2908 1.
619 2870 734 2923 namque
754 2869 793 2924 ,ex
819 2853 1023 2908 conuesentibus
1050 2855 1083 2908 D.
1159 2863 1161 2866 '
1216 2856 1367 2926 Pasargens
1393 2859 1426 2913 li.

308 2940 445 3012 Ἅσαργάς
462 2941 494 2996 A.
532 2939 704 3012 Παραγάγης
720 2940 752 2994 L.
788 2937 964 3014 Παράγωγος
983 2940 1015 2994 B.
1051 2937 1186 3014 Παράγης
1205 2942 1235 2997 C.
1311 2945 1338 2999 4.
1351 2943 1428 3011 Quod

316 3045 377 3083 cum
393 3029 427 3082 D.
515 3027 612 3098 poeula
632 3044 697 3096 quc,
715 3043 768 3082 con
785 3027 891 3082 amciter
907 3025 984 3082 heard
1000 3026 1141 3095 eorriqa'ert
1151 3027 1182 3080 in
1200 3029 1293 3096 poculo
1307 3029 1377 3100 quod
1390 3031 1425 3086 H.

316 3118 341 3170 6.
371 3130 385 3169 e
411 3115 502 3170 Persis
526 3115 594 3182 saliit
619 3115 651 3169 Ε.
765 3115 897 3168 aduentus
923 3112 1013 3167 fuerat
1037 3113 1073 3166 A.
1122 3112 1250 3167 mancius
1278 3114 1372 3170 iuerat·
1393 3115 1425 3169 R.

316 3201 341 3254 7.
360 3202 439 3271 aequi
456 3202 490 3256 H.
577 3217 645 3270 equo
662 3199 730 3266 sedit
746 3201 782 3254 H.
869 3199 960 3254 5-7.
980 3198 1091 3252 offendit
1109 3214 1206 3266 equum
1225 3217 1277 3269 quo
1297 3217 1424 3256 escenso.

314 3285 379 3355 iuge
397 3287 538 3341 consuluit.
559 3289 587 3340 et
605 3285 691 3354 persis
710 3284 818 3354 quidem
837 3287 932 3338 tenens
951 3283 1088 3338 custodem
1109 3285 1286 3355 eqnigladio
1309 3287 1398 3342 mansi
1414 3315 1426 3327 ·

314 3371 362 3430 dit.
381 3375 414 3427 D.
512 3373 537 3427 8.
555 3388 692 3442 sumpsero
710 3371 742 3424 R.
778 3374 873 3440 supsci
887 3370 922 3424 D.
1021 3369 1222 3440 fugientemque
1241 3372 1346 3442 insequi
1364 3390 1425 3442 pro-

313 3461 417 3528 perant.
436 3459 470 3513 D.
577 3460 601 3512 9.
621 3459 704 3511 motio
722 3457 757 3510 H.
861 3455 1011 3510 Alexander
1028 3472 1091 3510 uero
1114 3455 1208 3526 fugam
1232 3457 1349 3513 efficatia
1371 3476 1425 3514 non

312 3544 460 3600 horruerat.
479 3545 512 3598 D.
602 3545 643 3598 10.
663 3547 755 3597 autem
771 3541 848 3595 hoste
865 3540 950 3609 lapso.
969 3542 1003 3595 D.
1096 3543 1137 3595 12.
1157 3559 1236 3612 quoq.
1256 3547 1369 3599 uenerat
1387 3545 1422 3598 H.

313 3631 356 3686 13.
373 3631 402 3684 in
421 3631 526 3685 alveum
542 3630 600 3684 RD.
701 3629 741 3684 14.
759 3626 931 3695 iprofundum
949 3628 983 3682 D.
1025 3630 1079 3682 iam
1104 3627 1237 3696 protunda
1259 3629 1291 3683 R.
1327 3631 1355 3684 in
1374 3629 1424 3684 flu·

312 3733 374 3772 mon
391 3717 423 3772 D.
494 3713 789 3771 oemnsntesHLABIt.
807 3713 939 3768 escientes
952 3714 985 3767 D.
1013 3714 1142 3767 rimantes
1155 3715 1187 3770 a.
1266 3717 1308 3770 15.
1323 3717 1378 3772 exit
1389 3716 1422 3770 A.

313 3801 449 3858 eumedem
467 3804 502 3857 H.
538 3802 697 3857 Eumcdium
714 3801 745 3856 R.
781 3816 842 3854 eum
860 3799 898 3854 ibi
916 3800 949 3854 D.
1040 3801 1081 3854 16.
1102 3800 1303 3867 prinsecus.
1345 3817 1425 3872 quern

312 3891 386 3959 prius
410 3889 550 3944 dimiserat
572 3905 632 3943 oum
659 3887 762 3942 duobus
788 3886 872 3956 equis.
899 3886 934 3939 D.
1041 3887 1081 3938 17.
1106 3901 1190 3968 usqne
1214 3887 1247 3940 H.
1284 3891 1365 3956 atque
1389 3888 1423 3940 D.

312 3977 456 4031 exercitum
473 3976 504 4030 H.
612 3977 654 4031 18.
672 3974 795 4044 pervenit
813 3988 889 4026 suum
907 3971 940 4024 R.
1046 3973 1074 4025 et
1090 3971 1171 4026 duces
1189 3973 1223 4026 D.
1321 3989 1369 4026 suo
1387 3971 1423 4025 H.

310 4065 365 4118 leto
384 4063 416 4116 A.
452 4063 510 4116 fcto
528 4062 599 4116 letus
622 4063 652 4115 D.
686 4062 773 4115 laetos
789 4059 856 4126 fehlt
873 4057 904 4111 Ε.
992 4056 1064 4112 fecto
1082 4059 1149 4124 fehlt
1169 4060 1204 4136 D.

402 4148 449 4203 16.
468 4150 509 4203 19.
528 4147 613 4215 igitur
631 4147 673 4202 die
691 4148 725 4200 D.
812 4141 1009 4210 Hieremiam
1033 4143 1085 4198 dae
1102 4145 1191 4199 awcite
1208 4161 1261 4199 oon
1281 4143 1346 4198 Mae
1361 4143 1422 4198 mii-

308 4235 429 4304 macae
446 4233 606 4288 brwtstriclc
622 4248 676 4287 aas
687 4232 747 4286 dem
760 4231 877 4285 Ταφίων
883 4227 1079 4298 palimpseetca
1090 4230 1136 4285 des
1151 4231 1179 4283 Ι.
1196 4230 1324 4286 Valerius
1338 4229 1422 4298 (Va),

308 4319 647 4376 attrectationem.
660 4319 767 4388 capitct.
856 4317 899 4370 20.
918 4315 990 4372 insta
1008 4317 1043 4369 Η.
1130 4318 1224 4385 straga
1242 4315 1274 4370 B.
1296 4319 1374 4384 stege
1385 4315 1420 4368 D.

309 4409 353 4463 ill.
373 4407 524 4478 Statimque
541 4405 684 4463 alexander
702 4403 839 4476 praecepit
855 4403 889 4458 D.
1407 4399 1410 4404 '
