3208 5024
658 409 685 472 1,
709 409 828 464 19-21,
1244 411 1279 464 23

184 573 310 656 „patria
332 573 502 656 matrisque
520 593 608 638 meae
631 574 842 651 maiestatem,
866 576 947 658 quod
969 577 1000 640 te
1023 575 1056 638 ct
1076 573 1110 638 in
1124 575 1277 656 praesent

183 678 351 743 certamine
372 677 552 760 superabo.“

270 781 324 848 19.
371 783 454 864 [311.
479 783 577 864 1211]
621 783 692 848 Non
714 783 813 848 multo
835 784 921 865 post,
945 781 998 846 ubi
1020 781 1086 848 dics
1102 783 1280 848 certaminis

184 887 324 964 advenit,
361 887 555 962 Alexander,
589 889 726 970 primum
753 887 883 953 Nicolao
917 888 1062 969 superato
1093 888 1126 952 at
1153 887 1280 970 reliquis

183 992 236 1074 qui
264 992 427 1056 certamini
449 991 629 1070 adfuerant,
667 1011 782 1058 corona
809 991 972 1056 redimitus
1000 991 1152 1072 repatriat
1173 992 1317 1057 Mace-5

183 1093 315 1159 doniam.

267 1198 323 1266 90.
369 1202 452 1282 [411.
477 1201 576 1282 13R.]
620 1199 680 1266 Sed
707 1198 836 1266 offendit
865 1200 946 1264 forte
969 1197 1148 1282 Philippum
1178 1201 1281 1282 spreto

183 1307 338 1372 consortio
354 1307 548 1390 Olympiadis
570 1309 603 1372 in
618 1307 801 1391 Cleopatrae
822 1308 947 1390 nuptias
970 1307 1193 1372 demutantem.
1223 1305 1282 1369 Die

182 1412 280 1494 igitur
302 1412 481 1494 nuptiarum
503 1412 630 1476 inruens
646 1412 816 1476 triclinium
832 1412 915 1495 regis
936 1415 1118 1477 coronatus:
1141 1409 1282 1487 ‚‚Sumc‚“

182 1515 297 1597 inquit,
339 1535 383 1592 „o
405 1519 508 1598 pater,
540 1517 622 1580 hunc
650 1515 786 1598 primum
807 1515 924 1580 laboris
950 1516 1013 1580 mei
1035 1515 1198 1581 fructum“
1242 1513 1284 1578 lit
1303 1521 1343 1577 10

183 1637 330 1684 coronam
359 1639 421 1685 una
445 1620 478 1684 iu
507 1622 601 1702 caput
628 1620 726 1702 patris
756 1619 920 1685 transtulit
942 1623 974 1685 et
1002 1621 1062 1684 ait:
1100 1619 1206 1696 „Cum
1225 1636 1283 1700 ego

184 1727 318 1788 matrem
338 1743 440 1788 meam
462 1723 576 1788 iterum
594 1723 753 1807 regalibus
776 1724 892 1807 nuptiis
912 1723 1099 1806 coniugam,
1129 1741 1184 1786 vos
1207 1739 1284 1804 quo-

183 1847 242 1910 que
275 1828 467 1910 participabo
502 1828 673 1893 convivio.“
717 1830 759 1893 nt
791 1829 840 1893 his
869 1827 961 1893 dictis
992 1827 1141 1894 adversus
1164 1823 1296 1907 Philip·

183 1953 257 2015 pum
280 1931 456 1997 discumbit.

267 2035 322 2103 21.
368 2037 463 2119 [511]
507 2037 628 2100 Aderat
657 2039 731 2101 tunc
756 2037 838 2101 inter
868 2035 991 2120 regales
1022 2035 1149 2100 delicias
1175 2033 1286 2116 Lysias
1305 2043 1344 2103 15

185 2139 325 2222 quidam,
361 2140 437 2204 risui
470 2139 633 2204 excitando
666 2159 760 2222 quam
793 2140 1012 2204 facetissimus.
1058 2139 1120 2219 Qui
1153 2157 1224 2202 oum
1253 2137 1286 2201 in

188 2244 319 2326 gratiam
341 2243 424 2327 regis
446 2243 715 2309 adolescentulum
741 2244 838 2309 vellet
865 2243 1061 2320 admordare,
1091 2239 1285 2306 multimodis

188 2347 350 2412 verborum
377 2347 517 2412 ridiculis
545 2349 669 2430 saepius
699 2347 789 2412 illum
811 2348 995 2431 adgressus,
1023 2367 1060 2412 ac
1083 2345 1206 2430 saepius
1229 2345 1285 2410 ad·

185 2451 320 2517 monitus
343 2455 379 2516 ut
402 2450 442 2517 ad
464 2451 599 2517 alterum
623 2471 655 2516 se
678 2453 831 2530 verteret,
857 2452 907 2516 cui
928 2451 1039 2516 ludum
1056 2470 1148 2516 suum
1162 2449 1285 2532 placere

185 2558 292 2634 sciret,
319 2557 423 2640 pergit
451 2555 504 2621 ille
530 2575 591 2621 non
619 2557 797 2622 obaudiens.
842 2555 1041 2638 Tandemque
1071 2555 1191 2621 iuvenis
1215 2553 1286 2618 irri-
1304 2569 1346 2626 20

276 2770 299 2822 l.
320 2772 400 2837 quote
419 2770 449 2823 L.
485 2773 561 2824 utto
581 2769 632 2822 Vb.
719 2772 747 2823 ct
762 2769 829 2835 fehlt
847 2771 881 2824 D.

1135 2847 1150 2876 u

271 2893 316 2946 19.
335 2893 360 2946 3.
382 2891 448 2946 hubi
465 2891 523 2946 dica
541 2893 576 2945 H.
619 2904 652 2946 cu
672 2892 729 2946 dics
754 2893 788 2946 D.
893 2893 919 2946 4.
936 2890 1095 2945 Niclrolaum
1118 2895 1240 2968 soporato
1258 2893 1286 2945 L.

184 2979 209 3032 5.
228 2979 382 3034 certaminis
400 2979 434 3032 H.
523 2981 643 3034 reuertus
661 2983 703 3033 cat
721 2980 755 3032 D.

269 3065 318 3120 241.
345 3066 370 3119 8.
390 3067 522 3120 consortio
541 3067 590 3121 Va.
626 3066 737 3120 consilio
761 3065 891 3119 HLBDll.
929 3064 1059 3118 connubio
1078 3063 1152 3118 svn.
1197 3065 1289 3132 spreta

184 3155 274 3205 autem
293 3151 441 3222 Olimpiade
465 3149 541 3208 Viae.
559 3153 632 3207 Bell.
719 3153 856 3224 cleopatra
874 3151 930 3205 BD.
965 3151 1100 3220 cleopatra
1124 3150 1289 3218 (mitratur

184 3239 256 3292 mnes
273 3240 449 3294 nemiuem
466 3239 601 3308 mutam)
618 3240 648 3292 Ε.
685 3239 821 3308 cleopatra
832 3237 886 3292 Lll.
915 3239 943 3291 in
963 3236 1011 3290 dec
1031 3239 1107 3306 patre
1124 3236 1159 3290 Η.
1237 3247 1288 3290 nu·

186 3325 256 3393 ptias
275 3325 308 3378 H.
345 3327 447 3396 nuptiis
464 3328 499 3380 D.
595 3327 621 3378 9.
640 3325 750 3380 triclinu
768 3325 803 3378 Η.
838 3323 955 3378 triclinio
971 3323 1023 3378 Vb.
1125 3323 1233 3376 Summo
1252 3323 1287 3376 Η.

187 3413 228 3465 10.
256 3414 309 3466 mei
336 3413 435 3468 laboris
462 3413 492 3466 B.
600 3413 641 3466 ll.
668 3421 723 3466 una
749 3413 784 3465 H.
829 3427 911 3464 unam
935 3409 985 3466 Vb.
1090 3409 1118 3462 in
1146 3409 1233 3477 capite
1256 3409 1288 3464 B.

185 3500 339 3554 suanstulr't
361 3501 396 3553 H.
500 3503 528 3554 et
550 3501 589 3554 ait
612 3499 679 3566 sctit
701 3501 735 3554 D.
840 3515 898 3552 cum
924 3513 987 3566 crgo
1008 3495 1067 3550 ΗΒ.
1112 3497 1154 3549 cui
1179 3511 1229 3565 ego
1253 3496 1288 3550 D.

188 3587 229 3640 13.
249 3587 390 3641 adversm
406 3587 438 3640 B.
474 3585 612 3656 philippus
630 3587 757 3641 aduersus
776 3585 973 3652 discumbentes
992 3582 1124 3652 gratulari
1144 3583 1215 3652 cepit
1232 3584 1266 3636 D.

271 3672 318 3726 91.
345 3675 387 3726 15.
406 3671 507 3727 Aderat
524 3673 615 3741 itaque
639 3674 710 3726 inter
734 3672 838 3741 regales
857 3671 966 3740 nuptias
983 3669 1017 3722 D.
1105 3668 1193 3724 Liuias
1211 3669 1289 3722 ABE.

185 3757 252 3823 sealt
268 3759 302 3812 H.
400 3760 441 3814 16.
460 3759 596 3814 oscitando
615 3759 650 3812 H.
687 3757 722 3812 ad
741 3759 798 3812 risu
815 3757 954 3812 excitando
973 3757 1007 3810 D.
1104 3755 1155 3821 Qui
1172 3755 1241 3821 [alell
1258 3753 1289 3808 A.

188 3845 229 3897 l‘l.
249 3845 320 3913 regis
336 3844 404 3910 [eurr
422 3845 453 3899 Ε.
531 3846 685 3900 adolescens
703 3845 795 3898 uenire
813 3843 904 3898 uellet
934 3841 1041 3896 admoto
1058 3855 1101 3915 cre
1119 3842 1211 3896 multia
1230 3857 1290 3896 uer·

189 3931 280 3985 borum
297 3930 417 3985 ridiculis
436 3933 466 3989 D.
573 3933 615 3988 18.
641 3931 718 3986 illum
741 3930 808 4000 setall
824 3931 855 3984 L.
945 3929 1051 3998 saepius
1068 3959 1101 3967 -
1120 3944 1151 3982 ac
1172 3928 1239 3994 sedit
1256 3929 1289 3982 D.

189 4019 230 4072 19.
248 4018 365 4072 monitus
383 4021 425 4072 cst
444 4019 477 4072 D.
565 4019 599 4074 ad
616 4020 693 4074 illum
710 4021 828 4072 uerteret
845 4017 937 4070 ludum
957 4033 1035 4070 suum
1054 4015 1096 4070 cui
1111 4016 1145 4070 D.
1231 4016 1290 4084 pla-

188 4121 246 4160 cere
262 4105 331 4172 fehlt
347 4105 378 4160 Ε.
468 4105 511 4160 20.
530 4107 629 4176 pergit]
650 4121 713 4174 ergo
729 4105 883 4160 HLABDH.
918 4103 986 4170 fehlt
1008 4103 1084 4158 Viae.
1097 4102 1169 4157 Bell.
1237 4119 1290 4156 non

186 4191 253 4258 fehlt
269 4193 303 4245 H.
408 4207 467 4249 oum
485 4191 532 4246 illc
550 4209 603 4246 non
622 4191 762 4247 obaudiret
778 4193 810 4245 B.
845 4193 873 4244 et
885 4189 931 4246 ille
943 4207 997 4244 non
1008 4189 1114 4246 audiret
1131 4190 1206 4246 Vino.
1219 4189 1291 4244 Bell.

188 4279 297 4334 tandem
314 4279 346 4334 Β.
375 4279 450 4334 Vino.
468 4279 540 4333 Bell.
631 4277 682 4336 Ἠν
708 4281 741 4333 δέ
757 4298 798 4338 τις
820 4277 1006 4348 γελωτοποιὸς
1031 4276 1151 4349 ὀνόματι
1171 4281 1291 4336 Λυσίας.

192 4356 282 4428 Οὗτος
298 4367 367 4439 ἔφη·
395 4409 410 4431 ,,
418 4365 468 4434 Μὴ
486 4368 539 4420 ἔσω
559 4367 650 4434 (ἔστω)
668 4369 879 4440 τεταραγμένος,
904 4361 972 4416 aar&
993 4361 1093 4437 θάρσει
1111 4365 1159 4417 ἐπὶ
1175 4368 1209 4437 τῇ
1227 4361 1291 4419 νεό-

190 4472 249 4519 τητι
268 4458 314 4520 τῆς
329 4457 380 4506 νῦν
398 4469 446 4508 σοι
464 4458 645 4527 γαμουμένης
672 4453 715 4519 (Ὁ
733 4453 767 4508 δέ
779 4456 892 4511 Λυσίας
910 4449 1043 4519 (muctar
1059 4450 1094 4518 B)
1113 4450 1292 4522 ἀνακείμενος
