3208 5024
263 408 298 464 62
756 405 809 470 m,
828 406 871 460 31.
986 433 991 440 ·

263 589 352 652 pars,
375 567 414 633 ad
432 568 590 632 bominem
612 567 784 649 pertinens,
804 567 870 632 iam
891 567 1017 649 quidem
1031 566 1208 650 putrefacta
1224 586 1260 632 ac
1276 567 1371 633 semi-

263 673 337 737 viva
358 669 538 746 videbatur,
560 670 688 734 inferior
706 688 779 734 vero
795 671 930 736 beluinis
946 671 1118 752 capitibus,
1141 671 1266 752 qualem
1282 669 1371 753 Scyl-

263 774 329 838 lam
362 774 467 838 ferunt
500 772 623 837 fabulae
660 776 839 856 poetarum3
876 777 1003 856 praeter·
1035 771 1117 856 quod
1151 791 1214 836 non
1252 774 1371 838 caninis

263 877 433 960 lupinisve,
457 877 614 942 enimvero
636 875 764 940 leonum
783 879 815 941 et
835 875 1019 959 pardorum,
1049 895 1253 958 ursorumque
1277 878 1371 958 atque

227 987 246 1048 5
266 981 436 1044 draconum
459 978 613 1060 capitibus
636 979 765 1062 inguina
786 979 932 1044 infantuli
953 979 1168 1062 cingebantur.
1214 978 1304 1058 Quod
1317 979 1372 1043 ubi
1476 999 1482 1009 ‘

265 1083 443 1148 Alexandro
465 1081 646 1145 intimatum
668 1084 731 1158 est,
758 1083 900 1164 protinus
921 1082 1083 1146 mulierem
1114 1082 1261 1147 advenire
1281 1083 1373 1148 iussit

265 1189 450 1269 partumque
488 1186 673 1248 monstrare.
735 1183 914 1248 Adveniens
952 1184 1009 1248 illa
1044 1183 1176 1248 nudavit
1210 1186 1371 1262 infantem,

265 1290 502 1370 monstrumque
535 1287 702 1352 ostendens
733 1287 875 1368 professa
908 1290 957 1352 est
989 1307 1022 1352 se
1051 1287 1216 1369 peperisse.
1262 1285 1315 1374 [88
1331 1290 1371 1351 M.

255 1379 365 1478 ¹5de
401 1393 467 1456 Her
491 1392 596 1454 autem
619 1389 783 1454 confestim
802 1389 1015 1473 prodigiorum
1035 1389 1206 1471 interprete
1222 1391 1372 1454 arcessito

208 1509 249 1565 10
266 1494 499 1569 sciscitabatur,
535 1492 684 1574 quidnam
715 1493 774 1556 hoc
803 1493 1013 1573 portenderet
1065 1492 1127 1570 Qui
1154 1512 1226 1558 mox
1251 1495 1372 1558 secreto

265 1597 426 1680 respondit
445 1595 513 1678 regi
534 1595 656 1660 dicens:
685 1594 735 1671 „0
759 1598 829 1658 rex!
852 1613 869 1658 o
890 1595 1013 1660 utinam
1033 1595 1250 1677 interpretatio
1272 1595 1373 1660 hosti·

265 1703 325 1768 bus
350 1703 382 1765 et
403 1698 538 1763 inimicis
559 1698 622 1762 tuis
643 1699 721 1762 haec
743 1699 844 1762 essct!
889 1697 1036 1780 Superior
1055 1697 1168 1781 quippe
1183 1718 1272 1780 pars,
1292 1717 1372 1781 quae

268 1803 307 1868 ad
327 1803 487 1868 hominem
507 1800 660 1882 pertinet,
689 1819 829 1882 quaeque
851 1800 916 1865 iam
938 1801 1064 1882 putrida
1090 1820 1127 1864 ac
1150 1800 1302 1866 semiviva
1325 1801 1372 1866 vi·

268 1905 373 1980 detur,
397 1907 428 1968 te
451 1903 623 1988 significat,
645 1903 769 1968 domine
793 1922 861 1978 ren;
882 1905 915 1967 in
938 1906 1085 1986 promptu
1108 1923 1230 1988 quoque
1253 1909 1315 1982 est,
1337 1909 1374 1970 ut

210 2015 248 2074 15
267 2012 303 2072 tu
329 2007 472 2072 moriaris
497 2008 590 2088 atque
610 2005 755 2070 intereas.
799 2007 930 2072 Inferior
953 2025 1026 2071 vero
1049 2025 1134 2087 pars,
1164 2027 1244 2090 quae
1266 2008 1374 2072 ferinis

268 2111 424 2192 capitibus
447 2108 601 2192 cingitur,
624 2127 763 2190 quaeque
788 2109 890 2173 vivere
914 2109 1053 2184 ridetur,
1075 2109 1107 2172 bi
1129 2113 1203 2174 sunt
1220 2110 1373 2192 principes

267 2213 327 2278 tibi
347 2211 488 2277 subiecti.
534 2213 575 2276 nt
596 2214 633 2276 ut
654 2213 713 2276 hae
736 2212 819 2276 ferae
840 2213 924 2277 inter
947 2231 979 2276 se
997 2211 1165 2288 dissident,
1189 2213 1234 2276 sic
1253 2232 1374 2295 quoque

268 2325 340 2400 post
362 2319 496 2380 mortem
516 2317 603 2379 tuam
626 2314 659 2378 hi
680 2314 762 2378 inter
783 2332 816 2378 sc
836 2313 994 2380 discordes
1009 2317 1129 2380 erunt.“
1173 2316 1261 2380 Haec
1276 2315 1374 2380 inter-

269 2419 402 2502 pretatio
424 2436 486 2482 non
508 2415 663 2480 modicam
685 2415 863 2481 Alexandro
886 2418 1076 2482 moestitiam
1097 2417 1214 2483 intulit

210 2530 252 2588 20
356 2522 413 2588 31.
459 2518 560 2607 [aaut.
585 2516 682 2604 butt]
721 2519 852 2584 Occasio
873 2520 972 2602 igitur
986 2520 1072 2586 illius
1088 2522 1198 2586 mortis
1213 2521 1291 2586 haec
1306 2520 1375 2586 fuit.

270 2627 373 2691 Mater
398 2625 465 2689 sius
488 2624 656 2706 scripserat
679 2621 718 2687 ad
741 2641 812 2688 eum
841 2623 879 2688 de
908 2623 1121 2689 simultatibus
1144 2624 1322 2707 Antipatrie
1344 2626 1377 2688 et

270 2727 496 2810 Divinopatris‚
532 2725 789 2808 praemonuitque
818 2726 947 2791 insidias
982 2745 1091 2792 eorum
1118 2729 1283 2793 cavendas.
1331 2728 1377 2792 At

269 2831 324 2896 ille
347 2829 475 2908 statuit,
504 2829 707 2912 Antipatrem
735 2829 775 2893 ad
797 2847 865 2894 sese
888 2829 926 2894 de
948 2829 1134 2896 Macedonia
1160 2832 1282 2909 venire,
1315 2831 1376 2896 alio

357 3019 384 3072 3.
402 3016 487 3070 len-tm
503 3015 536 3070 A.
623 3031 678 3070 non
693 3014 761 3082 febll
780 3016 814 3070 D.
908 3016 981 3071 canis
999 3017 1029 3073 L.
1125 3017 1151 3070 4.
1170 3017 1324 3087 lupinisque
1342 3018 1377 3072 D.

271 3103 344 3156 canis
361 3102 462 3171 lupinis
480 3117 526 3175 sup
545 3101 679 3171 capitibus
698 3101 848 3156 uidebatur.
867 3102 903 3156 H.
980 3103 1126 3172 enimvero]
1146 3107 1174 3156 et
1192 3105 1225 3157 D.
1296 3107 1378 3173 atquc

270 3204 392 3242 ursorum
409 3203 529 3242 necnon
547 3187 691 3242 draconum
706 3188 740 3240 D.
812 3190 837 3244 5.
856 3189 969 3243 infantis
981 3190 1015 3242 D.
1085 3188 1151 3244 bubi
1160 3189 1195 3242 H.
1267 3206 1326 3244 cum
1343 3191 1377 3243 D.

272 3275 296 3326 1.
315 3277 422 3342 partum
439 3274 474 3328 H.
562 3275 726 3328 monstraret
741 3273 775 3326 D.
850 3278 873 3329 8.
893 3277 1123 3343 monstratumque
1141 3275 1175 3328 D.
1247 3290 1306 3328 sese
1323 3275 1378 3329 AD.

272 3360 298 3414 9.
315 3358 432 3428 prodigii
455 3360 489 3413 D.
595 3359 736 3430 arcerssito
762 3360 797 3412 H.
845 3361 973 3414 accersito
996 3361 1077 3414 LAD.
1183 3361 1223 3413 10.
1251 3361 1379 3430 quidnam

272 3448 345 3499 esset
363 3443 508 3513 oportendc
526 3444 574 3499 rei.
594 3446 628 3498 D.
721 3445 761 3497 ll.
781 3444 945 3512 respondens
962 3446 997 3500 D.
1032 3444 1100 3510 fcbll
1117 3445 1151 3498 H.
1251 3447 1324 3517 regis
1343 3448 1377 3500 H.

273 3529 422 3598 catinam]
442 3529 544 3584 dtinam
562 3529 597 3582 H.
632 3529 737 3584 utinam
755 3531 789 3584 D.
878 3530 917 3582 12.
937 3531 993 3583 tuis
1013 3531 1173 3584 etinimicis
1191 3532 1225 3585 D.
1314 3548 1378 3601 qno-

273 3633 325 3687 qne
342 3631 405 3686 pars
422 3616 455 3670 B.
542 3624 593 3686 que
611 3616 646 3670 H.
724 3617 764 3669 13.
785 3615 839 3668 bad
857 3616 944 3670 omine
962 3616 995 3669 A.
1083 3617 1187 3684 pertine
1207 3617 1242 3671 H.
1312 3617 1378 3687 iam]

273 3704 355 3758 ctiam
374 3703 408 3757 D.
471 3705 525 3770 ¹et
541 3703 573 3758 B.
661 3701 787 3756 uidentur
803 3701 837 3756 D.
917 3703 955 3756 14.
974 3701 1103 3756 testificat
1114 3703 1147 3756 A.
1224 3707 1332 3772 promtu
1343 3705 1378 3758 H.

273 3793 373 3858 proptu
401 3789 456 3842 AD.
572 3792 614 3842 est
640 3804 746 3858 quoque
770 3789 804 3842 D.
922 3790 964 3842 15.
994 3787 1153 3842 informibus
1182 3791 1315 3860 capitibus
1345 3791 1379 3844 D.

276 3873 579 3930 leudomundo.
687 3875 728 3929 11.
747 3873 894 3930 disscident
911 3875 945 3929 D.
1026 3873 1091 3929 'Sic
1110 3891 1168 3945 coq.
1185 3877 1220 3930 H.
1256 3877 1297 3930 ita
1314 3891 1379 3946 quo·

274 3977 325 4030 que
348 3961 383 4015 D.
886 3977 890 3990 ·

360 4055 407 4110 81.
443 4055 485 4108 20.
508 4054 593 4123 igitur
616 4054 683 4120 sebit
697 4055 731 4108 H.
772 4055 843 4124 Ergo
866 4055 968 4108 ocmsio
994 4055 1126 4110 moriendi
1151 4055 1216 4110 talis
1241 4056 1302 4110 fuit.
1329 4052 1381 4106 Vb.

275 4141 317 4196 21.
336 4141 370 4196 do
387 4139 582 4210 simultatibus]
601 4139 842 4195 dissumnlcntibus
861 4141 894 4194 D.
983 4141 1119 4210 Antipatri
1142 4139 1381 4196 vanceleve.

275 4231 303 4282 et
319 4227 410 4282 diuino
428 4226 515 4294 patris
530 4226 580 4280 Vb.
617 4229 645 4280 et
662 4226 753 4280 diuino
772 4229 849 4296 patre
867 4227 901 4280 D.
936 4229 964 4280 et
986 4227 1101 4282 diuortio
1122 4228 1207 4294 patris
1225 4227 1301 4282 Viae.
1312 4225 1382 4280 Bell.

277 4318 304 4368 et
315 4313 486 4382 Divinopatri
504 4311 587 4365 Mall.
604 4311 657 4380 apl.
675 4313 780 4366 melnen
792 4309 1073 4366 Pseudocalla'stbenes
1091 4327 1112 4366 e.
1121 4317 1154 4366 11
1162 4313 1201 4382 fp.
1272 4315 1315 4368 22.
1326 4328 1385 4367 esse

275 4397 408 4456 canendas
425 4399 460 4454 D.
547 4399 591 4454 23.
609 4397 781 4468 Antipatrum
796 4397 865 4464 feblt
881 4397 912 4452 L.
989 4396 1025 4453 ad
1042 4413 1071 4454 ae
1088 4398 1122 4454 D.
1157 4399 1255 4455 annu
1272 4399 1307 4454 ad
1326 4410 1385 4476 sese
