3208 5024
652 433 708 498 111,
726 433 770 488 25.
790 433 834 488 27.
854 433 896 488 31).
1292 427 1325 483 61

220 599 381 684 pervenit;
419 595 495 678 quin
525 595 621 660 etiam
644 613 702 679 ego
730 595 804 659 huie
826 591 952 657 infando
980 589 1110 656 oonsilio
1132 607 1328 671 nequaquam

222 701 390 767 adsensum
411 698 509 776 dabo,
532 719 571 763 ne
595 718 651 782 per
672 717 729 768 uos
750 697 1015 762 internuntiorum
1038 695 1108 758 iura
1130 690 1328 775 rationesque
1412 740 1422 750 .

221 804 334 870 violari
352 802 546 868 videantur.“
592 803 697 884 [6511.
720 801 820 882 4111]
859 797 1036 865 Alexander
1058 815 1194 880 quoque,
1229 815 1328 878 quen·

222 927 315 990 quam
345 905 570 988 aliquantisper
597 907 703 969 mente
731 904 927 981 turbaretur,
958 901 1047 968 vultu
1069 903 1176 966 tamen
1197 899 1328 983 intrepi·

222 1001 280 1076 dus
295 1009 468 1076 videbatur.
502 1008 621 1078 Iterum
637 1011 756 1073 secreto
772 1005 942 1090 alloquitur
956 1004 1046 1068 illum
1061 1003 1182 1086 regina,
1206 1002 1329 1069 dicens:
1347 1009 1366 1067 5

222 1113 276 1191 „0
291 1111 485 1189 Alexander,
509 1129 633 1193 oquam
655 1109 826 1176 terellem
848 1107 965 1192 proprii
985 1106 1043 1170 filii
1064 1106 1133 1171 loeo
1157 1109 1277 1183 tenere;
1302 1107 1330 1171 si

222 1215 306 1279 enim
326 1215 359 1278 id
381 1213 513 1278 fortuitu
535 1231 610 1277 oasu
631 1212 825 1295 proveniret,
849 1213 885 1276 ut
905 1212 979 1276 talis
998 1211 1055 1276 filii
1076 1214 1179 1276 mater
1193 1213 1330 1293 putarer,

222 1317 361 1400 proferto
385 1317 526 1400 reginam
552 1334 589 1380 ao
611 1316 770 1380 dominam
789 1315 931 1399 gentium
954 1334 1004 1380 me
1026 1314 1249 1396 adnuentique
1263 1313 1330 1378 fore

223 1420 418 1502 sperabam.“
459 1419 511 1485 Ad
533 1420 611 1484 haee
634 1419 688 1484 ille
709 1418 787 1482 nihil
808 1417 976 1500 respondit.
1022 1418 1123 1499 [6611.
1141 1417 1242 1498 4211]
1264 1417 1330 1500 Igi-

222 1525 274 1588 tur
294 1526 366 1606 post
387 1523 465 1587 haee
484 1523 673 1606 largissimis
696 1525 789 1606 atque
807 1520 965 1604 regalibus
981 1521 1070 1585 donis
1087 1521 1127 1584 ab
1141 1507 1209 1602 ipsa
1223 1520 1332 1604 regina
1350 1525 1391 1584 10

224 1626 305 1691 olem
326 1629 527 1704 muneratus,
557 1625 663 1709 palam
684 1629 790 1691 autern
814 1627 852 1690 ut
874 1623 1044 1690 satellitem
1066 1623 1198 1689 deoebat
1219 1642 1330 1689 mune·

222 1727 309 1794 ribus
330 1730 501 1795 honoratus
522 1731 675 1796 remeavit
696 1729 735 1794 ad
757 1747 823 1794 sua.

631 1921 893 2022 (Amazones.
896 1927 921 2019 )

311 2059 366 2126 25.
411 2061 466 2142 [69
483 2061 524 2122 Μ.
547 2065 589 2121 44
605 2061 656 2143 11.]
700 2060 820 2125 Dehine
851 2061 1028 2124 Amazonas
1060 2059 1120 2124 sibi
1150 2059 1332 2125 tributarias

225 2161 309 2228 feeit.

656 2285 680 2383 (
682 2283 905 2386 1311111104)

310 2421 364 2490 27.
408 2423 512 2506 [8011.
534 2423 635 2504 4911]
667 2423 715 2488 Ao
737 2421 863 2488 demum
882 2422 1075 2506 Babylonem
1096 2423 1182 2488 adire
1202 2425 1333 2490 eonten-
1352 2431 1392 2492 15

226 2525 281 2591 dit.
337 2525 407 2606 Qua
438 2527 470 2590 in
504 2528 693 2608 potestatem
725 2545 815 2592 suern
848 2525 990 2605 redorta,
1032 2525 1256 2610 aliquantisper
1289 2527 1333 2592 ibi

225 2632 437 2695 commoratus
457 2631 514 2694 est.

309 2731 371 2799 30.
418 2731 525 2820 [8711
556 2729 663 2818 5411]
709 2733 849 2816 Cumque
871 2731 943 2798 inde
964 2733 1119 2816 proficisci
1147 2733 1335 2816 disponeret

226 2836 375 2920 contigit,
399 2839 436 2900 ut
456 2837 609 2920 quaedam
630 2836 744 2902 mulier
763 2837 916 2902 infantem
929 2839 1070 2920 pareret,
1093 2836 1180 2902 euius
1196 2837 1336 2920 superior

227 3065 381 3118 perseueres
400 3049 501 3104 LABL.
536 3050 652 3105 intentio
672 3053 700 3105 et
718 3051 859 3105 uoluntate
876 3066 1062 3120 perseuerares
1079 3053 1114 3107 D.
1195 3052 1231 3107 ad
1250 3067 1334 3106 nouos

227 3151 311 3204 usque
328 3135 360 3189 L.
432 3136 454 3188 1.
474 3151 533 3188 cum
554 3135 637 3189 etiam
655 3135 688 3189 A.
724 3135 839 3190 nefando
852 3135 883 3189 B.
921 3135 990 3202 Quid
1007 3153 1077 3208 nego
1095 3137 1157 3192 huie
1176 3136 1291 3192 nefando
1299 3137 1334 3191 D.

228 3221 253 3275 2.
273 3221 341 3276 dabo
359 3237 498 3275 assensum
516 3221 548 3275 B.
643 3221 702 3276 iura
719 3221 890 3291 rationesque
906 3223 985 3276 LAB.
1020 3223 1168 3280 iurationes
1186 3225 1216 3278 Ε.
1251 3225 1334 3279 retio-

227 3325 328 3378 nesque
344 3307 412 3373 fehlt
430 3307 465 3360 H.
501 3322 535 3361 ne
554 3323 601 3376 per
617 3323 667 3361 nos
685 3311 836 3362 nostrorum
854 3309 1000 3364 iurationes
1012 3310 1047 3363 D.
1135 3312 1161 3366 3.
1174 3327 1237 3366 uero
1250 3327 1334 3382 quen·

228 3411 307 3464 quarn
326 3394 359 3449 A.
395 3409 459 3448 uero
476 3409 536 3448 oum
553 3393 587 3447 D.
674 3396 700 3448 4.
719 3395 850 3452 mentitur
866 3393 976 3450 baretur
993 3395 1028 3448 H.
1125 3399 1151 3452 5.
1169 3397 1281 3452 Interim
1300 3398 1334 3452 D.

227 3484 328 3536 setreto
348 3481 380 3534 A.
466 3479 514 3534 illa
531 3481 626 3549 regins
645 3480 679 3534 D.
767 3483 792 3537 6.
811 3497 826 3535 o
843 3481 934 3552 quarn]
960 3497 1040 3550 quarn
1059 3482 1093 3536 D.
1179 3485 1262 3538 uelim
1278 3485 1334 3538 LA.

228 3584 308 3638 quam
325 3571 353 3622 te
370 3566 452 3622 uelim
470 3567 639 3622 matrimonio
662 3566 762 3636 proprii
781 3567 832 3622 dlii
849 3567 977 3637 deputare
995 3568 1030 3622 D.
1130 3569 1155 3623 'l.
1174 3567 1286 3625 fortuito
1303 3570 1335 3623 Ε.

227 3654 339 3708 fortuito
356 3669 419 3708 essu
437 3652 466 3706 id
483 3652 515 3706 B.
624 3654 706 3708 utalis
722 3655 754 3708 A.
853 3655 877 3708 si
896 3655 968 3709 enirn
985 3654 1013 3708 id
1030 3654 1072 3710 bie
1089 3658 1199 3724 paterer
1215 3655 1282 3722 sebit
1300 3656 1334 3710 D.

228 3741 254 3796 8.
275 3741 393 3808 prolecto
414 3739 506 3808 utique
522 3739 644 3808 reginam
661 3741 695 3793 D.
783 3741 876 3809 utique
894 3741 951 3795 lore
964 3757 1107 3809 sperarem.
1126 3742 1160 3796 D.
1233 3743 1274 3795 11.
1287 3757 1335 3810 pa·

228 3825 282 3878 lam
300 3841 364 3878 uero
379 3826 414 3880 D.
504 3825 611 3880 dicebat
627 3824 661 3878 D.

314 3910 361 3964 21).
399 3911 440 3963 13.
459 3925 599 3966 amazones
616 3911 675 3964 AD.
763 3907 816 3964 eibi
832 3909 921 3978 aptari
938 3909 1011 3964 feeit.
1029 3912 1063 3964 D.

315 3995 360 4050 21.
398 3996 439 4049 15.
458 3995 617 4065 babylonem
634 3995 687 4050 LE.
722 3995 875 4050 babilonem
893 3995 976 4050 HAB.
1012 3995 1176 4054 babiloniam
1188 4003 1221 4057 D.
1247 4001 1336 4074 Baby·

228 4081 328 4138 lonium
346 4080 397 4134 Vb.
497 4080 571 4136 ubire
588 4083 620 4136 B.
704 4080 866 4136 contendens
882 4081 917 4134 Η.
1007 4083 1048 4137 le.
1069 4085 1154 4150 Quam
1172 4087 1206 4141 Ι),
1295 4105 1336 4143 10.

228 4169 306 4224 deote
322 4169 355 4223 A.
374 4166 499 4222 reduetus
516 4168 550 4222 D.
586 4168 645 4234 Qua
662 4168 702 4224 oo
717 4169 826 4226 redorta
841 4167 909 4234 suat
926 4169 961 4223 Η.
1050 4171 1092 4224 17.
1112 4171 1266 4236 demoratus
1284 4177 1338 4243 (est

228 4254 304 4325 fedeli)
323 4255 354 4310 L.
391 4257 511 4309 moratus
529 4255 562 4308 D.

315 4341 365 4396 80.
401 4341 442 4394 18.
461 4341 606 4411 deponeret
624 4339 681 4394 HL.
717 4355 777 4394 oum
796 4357 813 4394 a
830 4339 979 4410 Babylonia
994 4341 1049 4397 iret
1064 4341 1114 4397 Vb.
1150 4342 1231 4406 ὄντος
1249 4347 1337 4404 αὐτοῦ

230 4423 259 4514 {a
275 4429 423 4496 Βαβυλῶνι
439 4427 473 4482 A.
508 4425 658 4499 γενόμενος
676 4427 706 4481 ἐν
723 4429 869 4496 Βαβυλῶνι
887 4425 942 4482 ID.
973 4421 976 4432 ’
