3208 5024
283 397 318 450 22
790 402 816 464 1,
837 403 878 456 18.

285 562 391 628 itineri
404 563 580 628 neccssaria
595 565 774 648 praeparari
784 565 883 631 iussit.
910 565 1012 650 Igitur
1027 565 1237 631 ascensanavi
1249 565 1384 631 secunda

285 667 451 732 admodum
489 669 695 750 tempestate,
714 669 834 752 appulit
865 669 956 734 Elim.
1011 671 1093 752 [alti.
1124 670 1219 750 11R.]
1259 669 1325 749 Quo
1352 670 1384 733 in

284 769 353 837 loco
379 772 454 836 dum
482 791 589 836 curam
617 791 765 855 equorum
795 773 921 838 famulis
947 771 1160 838 mandavisset
1191 774 1317 857 ipseque
1345 774 1384 838 ad

287 875 455 942 videndum
470 878 589 942 statum
606 875 666 942 loci
683 877 821 942 eiusdem
841 877 1037 960 procederet,
1060 877 1141 942 forte
1157 877 1185 942 ei
1202 877 1261 942 fuit
1276 878 1385 943 obvius

249 983 267 1041 5
286 980 436 1046 Nicotaus
460 1001 513 1046 rex
534 981 752 1060 Acernanum,
776 981 932 1064 quondam
952 981 1193 1047 conscolasticus
1216 981 1298 1058 eius,
1332 981 1385 1063 qui

286 1083 450 1150 salutando
482 1085 606 1168 quidem
639 1086 816 1152 Alexandro
851 1081 918 1151 s'cse
954 1087 1111 1169 proesttrt
1143 1085 1293 1167 priorem,
1328 1104 1386 1150 nec

286 1189 393 1253 tamen
422 1187 488 1254 sine
517 1189 705 1256 contumelia
731 1191 792 1254 iuit
820 1190 889 1272 ipsa
919 1189 1075 1254 salutatio.
1126 1189 1225 1254 Nam:
1255 1189 1385 1266 „Are,“

286 1292 400 1374 inquit,
433 1313 477 1372 „o
492 1297 610 1376 puer!“
654 1294 721 1358 Nec
742 1293 796 1358 ille
819 1293 980 1360 resalutat.
1025 1295 1113 1358 Tunc
1136 1291 1271 1356 secundo
1292 1293 1387 1357 Nico-

287 1396 371 1462 taus:
392 1399 460 1476 „Et
482 1417 501 1462 a
522 1404 616 1481 quo,“
637 1398 753 1482 inquit,
777 1400 833 1476 „te
855 1398 1017 1463 arbitraris
1041 1397 1236 1463 salutatum?
1267 1396 1385 1478 Quippe

230 1509 270 1566 10
288 1521 345 1586 ego
369 1521 438 1566 sum
460 1501 625 1578 Nicolaus,
646 1521 699 1567 rex
714 1502 943 1570 Acernanum.“
986 1504 1027 1566 lot
1037 1501 1228 1566 Alexander:
1252 1501 1386 1582 „Quid,“

287 1606 402 1688 inquit,
431 1606 582 1689 „prodest
610 1607 668 1672 tibi
695 1607 758 1671 ista
780 1627 860 1672 vana
879 1607 1001 1689 imperii
1028 1607 1157 1672 iactatio
1182 1606 1220 1670 de
1243 1603 1387 1670 secundis

288 1710 433 1775 crastinis
454 1711 632 1776 fluctuans?
654 1731 754 1794 neque
777 1712 859 1778 enim
879 1712 972 1776 istam
993 1711 1206 1794 arrogantiam
1221 1709 1387 1793 appr0b0.“

288 1815 331 1880 Et
351 1814 517 1896 Nicotaus:
551 1815 715 1894 „Velini,“
747 1816 864 1898 inquit,
898 1816 1001 1894 „scire
1024 1835 1079 1880 cur
1101 1815 1213 1879 adsis.‘⁴
1253 1816 1389 1906 ¹Fatetur

289 1918 482 1996 Alexander,
519 1939 551 1984 se
590 1919 630 1985 ad
661 1921 831 1986 certamina
868 1921 1090 2003 quadrigarum
1123 1919 1224 1984 studio
1257 1937 1388 1984 coronae

231 2033 270 2093 15
287 2023 418 2089 venisse.
463 2026 551 2090 Tunc
571 2024 720 2089 Nicotaus
742 2025 815 2090 felle
838 2025 876 2090 de
898 2025 994 2089 nimia
1013 2025 1225 2108 indignatione
1254 2023 1388 2088 suffusus

289 2130 475 2212 consputum
503 2127 769 2194 adolescentulum
801 2131 833 2194 et
859 2128 1034 2193 maledictis
1066 2128 1253 2210 increpitum
1277 2125 1390 2192 dercli-

288 2233 364 2316 quit
410 2233 456 2298 At
475 2251 549 2300 vcro
568 2232 762 2310 Alexander,
793 2233 844 2316 qui
867 2233 1005 2298 omniurn
1035 2231 1269 2314 disciplinarum
1291 2231 1391 2294 conti-

289 2336 428 2402 nentiam
450 2339 608 2403 ostentare
631 2337 799 2414 didicerat,
830 2338 977 2402 abstersit
1000 2336 1170 2400 clementer
1194 2337 1393 2418 sputamenta

289 2439 496 2523 iniuriamque
513 2440 656 2506 adridens
672 2441 732 2506 ait:
755 2441 853 2518 „Iuro
870 2440 1012 2524 equidem
1025 2439 1153 2504 Nicolae
1169 2440 1258 2518 tibi,“
1282 2439 1391 2521 inquit,

379 2621 403 2673 1.
421 2618 525 2672 itineris
544 2617 579 2672 H.
674 2633 831 2687 praeparare
849 2619 882 2672 D.
993 2617 1063 2671 Hier
1079 2617 1187 2686 depinat
1204 2617 1248 2670 die
1267 2617 1393 2670 Madde-

288 2703 336 2759 ἀπ
353 2704 394 2760 tes.
415 2705 477 2775 (Vb)
498 2705 544 2759 dee
562 2705 659 2760 Jatice
681 2706 820 2768 Vcten'ue,
846 2703 905 2758 cred
922 2704 979 2758 tier
996 2705 1073 2758 cadet
1089 2705 1160 2760 auctr
1181 2703 1316 2758 deserete
1334 2721 1387 2757 con

289 2791 353 2845 ntae
369 2777 500 2846 acerem
518 2793 635 2847 recem
647 2793 841 2860 paramesen„
858 2791 919 2860 (va)
944 2792 1110 2860 merescere
1132 2792 1216 2846 eecce.
1262 2789 1393 2844 semem

288 2880 434 2934 variamen
464 2897 516 2933 aree
542 2879 601 2933 dem
631 2880 750 2933 Tecriner
771 2879 965 2947 palimpsestcn
996 2879 1045 2932 teat
1070 2878 1133 2931 Mat
1157 2878 1244 2932 aetner
1275 2875 1392 2943 orospeda

289 2971 425 3022 ooa1835
442 2967 572 3037 betpefdpt
590 2969 636 3034 (ere
653 2971 820 3033 1,1s-29
837 2965 896 3018 used
911 2981 947 3018 eu
963 2968 1066 3032 2,21).
1136 2981 1246 3019 ascensa
1261 2963 1390 3018 HABDE.

290 3069 403 3109 exsensa
418 3054 491 3110 LVD.
528 3069 637 3108 escensa
654 3053 725 3107 Mae.
744 3053 826 3106 More.
917 3055 942 3106 2.
963 3053 1035 3122 elpni
1054 3053 1087 3106 H.
1125 3061 1168 3105 cnr
1185 3052 1214 3104 L.
1257 3050 1338 3104 nelixn
1356 3050 1389 3102 D.

289 3141 315 3195 3.
343 3141 400 3210 ipse
422 3159 527 3211 quoqne
553 3141 586 3196 D.
691 3141 716 3194 4.
743 3139 861 3210 procedit
886 3141 920 3194 D.
1023 3140 1075 3194 tuit
1102 3138 1180 3192 huius
1206 3137 1332 3192 Nicolaus
1358 3135 1390 3188 A.

290 3229 315 3281 5.
333 3227 478 3284 Nicholaus
495 3229 548 3284 LB.
638 3228 760 3282 Accrnau
777 3227 809 3282 A.
833 3243 978 3282 acernanus
991 3227 1128 3294 corripiare
1147 3240 1199 3278 aas
1217 3224 1390 3277 acernenuB.

289 3331 444 3370 acernamm
462 3315 518 3370 DE.
607 3315 810 3368 constolasticus
828 3315 861 3368 D.
897 3313 1042 3368 Nicholans
1067 3328 1111 3366 rex
1135 3310 1282 3365 arridcrunr
1308 3325 1392 3378 quon·

290 3402 352 3456 darn
377 3402 601 3457 conscholasticus
625 3403 682 3456 eius
706 3402 782 3455 Vtere.
801 3400 904 3456 Bettoo.
948 3400 1081 3470 quondam
1106 3397 1312 3452 conscolasticus
1335 3396 1392 3450 eius

263 3513 269 3528 ·
288 3488 356 3555 fehlt
372 3489 438 3544 Vbc.
473 3486 647 3556 Ὑπήντησεν
669 3487 761 3547 αὐτοῖς
778 3485 916 3546 Νικόλαος
937 3485 1052 3557 ὀνόματι
1071 3482 1231 3556 ἀνδροφυὴς
1248 3487 1280 3554 τῇ
1300 3481 1392 3551 ἡλικίᾳ

289 3575 419 3646 βασιλεὺς
437 3573 729 3646 ἀβέαιοςᾌκαρνανῶν
746 3575 775 3628 A.
863 3574 889 3627 8.
908 3572 1067 3628 resalutauit
1085 3571 1118 3624 D.
1207 3571 1232 3623 9.
1252 3567 1393 3646 arbitraris

289 3667 315 3718 te
336 3665 485 3719 salutatum
503 3661 584 3716 csse?
603 3663 637 3716 D.
744 3663 785 3715 10.
806 3673 919 3714 acernau
938 3661 969 3714 A.
1010 3673 1156 3713 acernauus
1179 3655 1318 3724 corripr'ert
1341 3671 1393 3708 aaa

288 3763 421 3808 acarnanu
446 3751 478 3804 Β.
521 3765 675 3803 accrnarum
697 3748 752 3802 DE.
795 3747 943 3802 arridorum
968 3747 1036 3800 alias
1060 3754 1191 3799 acernanu
1219 3742 1296 3796 Vinc.
1321 3743 1392 3796 Bell.

288 3841 323 3895 Et
351 3834 503 3896 Alexander
534 3834 602 3889 dixit
627 3837 660 3890 D.
766 3836 806 3889 ll.
834 3835 939 3904 imperii
968 3833 1035 3899 fehlt
1060 3833 1093 3885 D.
1199 3830 1328 3884 iactantia
1358 3830 1390 3884 D.

288 3928 329 3984 12.
358 3923 472 3986 crastini
501 3923 536 3975 Η.
641 3921 754 3976 fluctuat
776 3922 808 3976 B.
915 3936 976 3974 nam
1001 3934 1051 3986 ego
1076 3918 1110 3971 D.
1215 3917 1331 3986 probabo
1358 3917 1392 3970 D.

288 4017 330 4070 la.
350 4031 396 4069 our
413 4011 588 4082 pharetratus
613 4009 727 4064 assistis.
753 4006 902 4063 Alexander
919 4007 959 4060 ait
976 4006 1010 4059 D.
1101 4004 1142 4058 14.
1162 4021 1254 4074 coron,
1265 4019 1327 4077 (sue
1345 4018 1392 4056 ne·

287 4103 358 4158 nisxc
376 4101 445 4156 dixit
463 4096 500 4153 Ι).
589 4096 630 4149 15.
649 4095 711 4150 ielle
732 4096 800 4162 fehlt
816 4095 850 4148 D.
940 4093 981 4146 16.
1002 4091 1169 4161 derelinquid
1187 4091 1216 4144 A.
1300 4090 1341 4144 17.
1354 4089 1393 4141 Ac

286 4206 348 4244 vero
366 4189 400 4244 H.
503 4185 545 4238 18.
563 4182 591 4236 ia
609 4183 743 4238 ostentare
762 4183 796 4236 D.
894 4178 1060 4238 addidicerst
1076 4181 1108 4233 B.
1202 4178 1343 4246 spumento
1360 4175 1392 4228 Ε.

286 4272 673 4344 vehementerinsputamcnta
684 4271 717 4323 D.
806 4269 847 4323 19.
867 4267 991 4321 iniuriam
1009 4267 1043 4320 D.
1078 4265 1215 4332 iniurioq.
1228 4264 1263 4316 H.
1351 4262 1392 4316 ni-

286 4365 343 4422 cole
361 4365 395 4417 H.
435 4362 561 4418 nicholae
580 4357 636 4412 BD.
680 4355 767 4410 nicola
785 4355 815 4408 lc.
921 4353 1010 4422 inquit
1025 4351 1092 4418 fehlt
1110 4353 1141 4406 Β.
1250 4349 1339 4419 inquit
1358 4379 1391 4388 -

282 4453 455 4513 indecorem
472 4448 540 4525 fehlt
559 4443 597 4503 D·
