3208 5024
281 428 317 483 60
774 421 831 488 ΙΠ,
850 421 894 478 23.

282 587 346 662 est,
368 585 417 650 uti
438 583 604 649 interfecta
621 585 654 647 te
675 602 727 648 me
751 582 899 646 comitem
918 583 1013 646 morti
1027 581 1284 664 praestitissem.“
1307 585 1389 649 Rur-

282 707 335 752 sus
357 687 403 751 ait
424 687 495 750 illa:
534 687 696 766 „Quaeso
727 687 771 749 mi
792 685 984 761 Alexander,
1011 686 1094 748 huna
1124 689 1244 751 metum
1265 685 1389 765 abicias

281 811 354 855 nam
377 789 486 868 fidam,
510 809 604 872 quam
624 789 790 866 Candenli,
812 789 876 852 lilio
902 806 986 864 meo,
1010 789 1274 870 inrecuperanda
1295 809 1390 854 uxore

282 893 431 970 serrasti,
465 894 545 957 hano
574 891 634 956 tibi
660 911 711 956 me
741 911 865 956 servare
898 909 1019 973 semper
1046 891 1224 973 profitebor.
1272 891 1390 957 Verum

244 999 354 1061 eoum
377 999 413 1061 tu
437 995 511 1060 Pori
540 995 583 1059 sis
611 987 810 1070 interfector,
848 993 936 1060 errius
967 993 1065 1058 liliam
1091 993 1205 1058 iuniori
1233 993 1298 1060 lilio
1320 1015 1390 1060 mee

186 1143 189 1149 -
282 1097 427 1180 coniugio
451 1097 630 1179 copulatam
652 1097 757 1162 lorsau
777 1099 891 1162 noete
913 1097 1010 1174 latet,
1033 1097 1153 1161 eunetis
1174 1097 1303 1180 reliquis
1324 1101 1389 1164 esto

282 1200 475 1283 Antigonus,
498 1199 576 1263 mihi
598 1218 672 1264 voro
695 1199 872 1263 Alexander
892 1199 981 1262 eris.“
1263 1231 1271 1242 ·

368 1301 424 1368 23.
471 1303 575 1384 [63ll.
601 1307 644 1364 40
653 1303 702 1383 u]
740 1302 799 1366 His
822 1301 914 1366 dolis
938 1301 1141 1385 egrediuntur
1162 1303 1313 1384 pransuri.
1347 1303 1392 1367 Aa

284 1423 356 1469 vero
379 1403 568 1486 Garogarus,
606 1404 708 1468 iunior
730 1403 812 1468 lilius
836 1403 1002 1480 Candaule,
1036 1405 1090 1486 qui
1112 1404 1207 1469 filiam
1233 1405 1322 1481 Pori,
1356 1407 1391 1470 ut

225 1511 265 1568 10
282 1506 375 1590 paulo
402 1507 544 1588 superius
575 1506 754 1584 retulimus,
793 1507 938 1590 coniugio
968 1507 1097 1572 sortitus
1125 1507 1242 1583 iuerat,
1280 1507 1324 1570 ait
1352 1507 1391 1571 ad

282 1612 433 1674 matrem:
462 1609 528 1686 „O
550 1608 674 1673 domina
703 1611 820 1686 mater,
848 1627 865 1672 o
890 1629 984 1692 quarn
1007 1608 1083 1672 mihi
1106 1607 1230 1673 videtur
1251 1609 1303 1673 hie
1325 1608 1391 1692 ipse

283 1713 391 1776 adesse
415 1711 612 1790 Alexander,
633 1712 816 1776 interlector
838 1712 938 1777 sooeri
958 1713 1021 1776 mei
1047 1713 1136 1776 Pori!
1167 1712 1292 1776 nostrae
1315 1731 1391 1795 quo·

283 1833 342 1896 que
367 1815 497 1878 iniuriae
519 1815 615 1879 velim
635 1816 845 1880 meminisse.“
889 1814 950 1880 Sed
966 1816 1005 1880 ab
1028 1816 1088 1879 heo
1103 1815 1276 1878 intentione
1290 1817 1392 1878 mater

283 1935 356 1980 eum
378 1919 558 1982 convertere
580 1919 707 2000 cupiens
727 1918 866 1992 dicebat,
889 1918 921 1981 id
943 1917 1071 1981 minime
1093 1917 1160 1982 lieri
1182 1917 1334 1999 potuisse,
1357 1919 1393 1981 ut

226 2024 264 2082 15
283 2023 350 2084 tam
371 2037 486 2102 parvae
509 2021 647 2086 staturae
669 2020 877 2085 homunculus
900 2019 984 2084 orbis
1005 2020 1103 2084 totius
1123 2019 1258 2084 dominio
1275 2020 1392 2101 potire·

283 2125 344 2187 tur.
378 2123 545 2187 Enimvero
570 2123 799 2187 internuntium
815 2121 985 2186 Alexandri
1007 2121 1097 2186 illum
1113 2122 1208 2186 fixisse
1225 2121 1392 2186 asserebat.

283 2227 328 2290 At
349 2226 415 2290 ille:
444 2225 536 2302 „0,“
559 2225 676 2307 inquit,
701 2225 835 2303 „saltim
858 2225 891 2288 in
914 2227 973 2289 hoe
994 2224 1061 2289 eius
1083 2225 1220 2289 satellite
1243 2227 1294 2289 sat
1316 2225 1394 2288 milri

284 2327 449 2392 videbatur
471 2327 580 2391 nloisei
603 2329 799 2392 canssimum
821 2328 910 2392 nobis
932 2330 1078 2394 Pomm.“
1124 2327 1243 2409 [6411]
1274 2329 1394 2392 Rursus

283 2429 355 2494 illa:
378 2479 395 2508 „
404 2430 513 2511 Neque
522 2436 549 2504 ,“
570 2431 630 2506 ait,
653 2432 738 2505 „hoo
757 2450 924 2513 germanus
946 2433 1020 2494 tuus
1032 2429 1207 2495 Candeules
1227 2430 1294 2494 fieri
1310 2431 1393 2494 sine-

226 2540 267 2596 20
284 2535 333 2597 ret
361 2551 516 2615 unquam,
554 2532 647 2597 etiem
671 2533 697 2596 si
726 2535 761 2596 tu
791 2533 823 2596 in
853 2533 913 2596 hae
931 2533 1093 2597 voluntate
1120 2535 1214 2614 atque
1241 2533 1395 2598 sententia

283 2653 516 2717 perseverarem
540 2634 606 2698 eius
625 2654 760 2718 namque
776 2635 849 2699 fidei
870 2653 938 2700 sese
953 2634 1154 2699 committens
1169 2634 1210 2699 ad
1224 2654 1280 2700 nos
1296 2654 1394 2717 usque

371 2851 395 2902 l.
415 2853 447 2903 ut
464 2847 634 2902 interlsotate
653 2863 695 2901 me
714 2849 750 2901 Η.
786 2851 817 2901 ut
835 2847 975 2902 interfecto
1001 2863 1044 2901 me
1063 2851 1090 2902 te
1114 2849 1145 2903 Ε.
1251 2851 1342 2904 rmorti
1360 2851 1395 2904 H.

284 2937 369 2990 morte
387 2934 441 2988 Bu.
478 2937 564 2988 morte
584 2934 616 2986 A.
652 2933 728 3002 Quod
746 2933 817 2987 anim
836 2933 864 2986 in
880 2933 1063 2988 huiusoemodi
1081 2937 1200 3004 tempore
1220 2939 1300 3005 atque
1317 2936 1396 2990 rebus

284 3020 375 3089 regale
400 3019 543 3074 admodum
565 3035 662 3074 munus
679 3019 762 3082 leret,
794 3019 935 3072 interfecta
959 3023 986 3073 te
1014 3020 1138 3074 comitam
1161 3037 1202 3074 me
1234 3023 1397 3089 praemissae

284 3106 364 3160 morti
380 3105 557 3175 praestitisse.
575 3103 626 3158 Vb.
679 3107 708 3158 et
727 3105 750 3158 si
768 3121 821 3158 non
840 3105 920 3159 altari
937 3105 1046 3159 adesset
1068 3105 1177 3160 honori.
1213 3106 1305 3160 saltim
1322 3111 1353 3162 ut
1369 3111 1397 3162 te

284 3179 441 3246 interfecta.
462 3191 567 3258 eognlte
588 3190 667 3244 morti
686 3206 728 3242 me
744 3191 935 3258 praestitisset.
954 3190 988 3243 D.
1076 3191 1165 3244 Rursu
1183 3191 1216 3244 D.
1306 3194 1329 3246 2.
1348 3193 1397 3248 illa

284 3277 324 3330 ait
341 3275 396 3329 All.
431 3275 472 3330 ait
486 3275 554 3340 fehlt
571 3275 604 3328 D.
692 3285 767 3328 meon
786 3275 841 3328 AB.
923 3274 997 3328 abiae
1015 3275 1049 3328 Ι).
1136 3277 1162 3330 3.
1181 3275 1251 3329 Nam
1266 3276 1392 3331 honorem

285 3377 362 3430 quem
381 3359 507 3414 oaudeolo
525 3362 558 3414 D.
646 3376 725 3414 uxore
745 3376 794 3414 sua
811 3361 844 3412 D.
933 3363 959 3413 4.
979 3375 1083 3427 semper
1103 3360 1171 3424 fehlt
1189 3361 1218 3414 L.
1254 3361 1322 3415 hane
1341 3361 1392 3426 tibi

285 3461 389 3514 semper
407 3461 450 3499 me
469 3445 609 3500 obseruare
628 3445 761 3513 profiteor.
783 3445 817 3497 D.
888 3445 1019 3510 Quoniam
1031 3448 1061 3498 tn
1074 3461 1102 3498 as
1115 3445 1180 3506 Pori¹
1196 3447 1228 3499 D.
1312 3448 1337 3501 5.
1350 3448 1391 3500 iu·

284 3531 343 3584 nior
360 3531 391 3583 L.
480 3532 504 3585 6.
524 3531 669 3598 eopulanta
685 3529 716 3583 D.
753 3529 877 3598 copulata
895 3533 945 3583 est.
964 3531 998 3584 D.
1091 3529 1181 3584 forsan
1200 3530 1301 3586 LABD.
1337 3532 1391 3586 ier·

284 3617 355 3671 sitan
374 3616 434 3670 HD.
522 3615 683 3681 teselaltA.
771 3614 990 3669 l.mihitamen
1008 3616 1042 3668 Ι).

353 3718 400 3774 28.
436 3717 459 3770 9.
480 3716 894 3785 mammaemammal.
941 3715 1095 3784 aarogarius
1112 3715 1141 3770 L.
1195 3733 1337 3786 arrogarus
1355 3721 1390 3774 Η.

285 3805 395 3872 oagalus
413 3805 447 3856 D.
485 3803 622 3872 Charagos
640 3801 691 3855 Vb.
728 3801 866 3870 Charogos
885 3802 968 3854 Melz.
1054 3801 1142 3856 iunior
1158 3801 1225 3866 sodli
1244 3804 1271 3857 L.
1359 3808 1393 3859 ut

285 3890 359 3957 prius
384 3888 524 3942 retulimus
546 3889 578 3943 D.
688 3888 729 3940 10.
755 3887 879 3955 coniugio
906 3887 1008 3955 potitus
1033 3887 1066 3940 D.
1173 3887 1214 3940 11.
1239 3888 1338 3954 ofedlt
1357 3890 1390 3942 D.

285 3974 355 4028 hune
371 3975 460 4042 ipsum
479 3988 536 4034 esse
563 3971 736 4025 alexandrum
760 3973 959 4026 interfectorem
978 3971 1011 4024 D.
1118 3973 1159 4025 12.
1179 3972 1233 4043 Nrp
1249 3974 1341 4043 itaque
1357 3976 1391 4029 D.

286 4061 328 4114 13.
347 4058 446 4112 uellem
464 4058 525 4111 HD.
616 4058 656 4110 14.
677 4057 767 4111 volens
785 4058 816 4110 B.
906 4057 946 4110 15.
965 4069 1048 4129 parup
1065 4071 1178 4132 persone
1195 4058 1229 4112 D.
1307 4060 1391 4114 totius

286 4143 358 4198 orbis
374 4143 404 4196 L.
508 4143 548 4196 16.
568 4158 626 4196 esse
644 4159 704 4196 enm
718 4145 752 4197 D.
856 4143 897 4194 ll.
916 4142 1007 4195 saltim
1025 4141 1079 4196 Lll.
1175 4143 1216 4197 18.
1236 4142 1342 4198 uidetur
1358 4145 1390 4197 L.

286 4229 308 4284 0
327 4229 415 4296 inquit
432 4228 482 4282 hoe
501 4228 557 4281 eius
576 4227 694 4282 satellite
712 4231 743 4282 ut
763 4227 829 4282 mihi
842 4225 948 4280 uidetur
967 4227 1060 4281 uleiaei
1078 4243 1171 4296 porum
1189 4227 1267 4282 nobis
1285 4229 1390 4283 carissi-

286 4331 359 4368 mum
377 4329 494 4383 possum.
513 4313 547 4367 Ι).
618 4313 733 4368 Rursum
752 4315 784 4367 Β.
860 4314 900 4366 19.
919 4313 1069 4366 Candaules
1086 4311 1152 4377 fehlt
1165 4315 1198 4367 D.
1275 4314 1390 4368 sinetB.

286 4401 386 4454 sineret
412 4414 531 4468 unquam
557 4397 615 4452 fleri
640 4397 675 4450 D.
780 4401 823 4456 20.
841 4398 930 4452 sentia
955 4399 986 4453 L.
1090 4399 1133 4450 21.
1152 4413 1336 4466 perseuerares
1354 4401 1389 4454 Η.
