3208 5024
589 466 594 472 .
698 413 752 478 ΠΙ,
771 414 815 470 35.
1276 413 1311 466 63

201 578 234 642 in
255 576 324 640 loeo
349 577 414 641 eius
434 577 612 660 subrogato.
657 576 747 642 Unde
770 574 938 657 Antipater
966 572 1083 651 natus,
1113 573 1146 636 in
1169 573 1235 655 ipso
1255 573 1311 637 iti-

202 699 276 744 nere
298 699 417 744 veneno
446 679 662 746 efficacissimo
691 681 786 761 atque
807 677 1024 760 potentissimo
1049 677 1225 752 elaborato,
1256 695 1311 756 per

202 783 382 847 ministrum
400 784 467 867 regi
487 784 658 848 destinavit
679 780 896 847 hauriendum.
942 779 1009 859 Quo
1031 780 1085 844 ille
1108 779 1220 844 hausto
1240 799 1311 844 mox

201 885 318 950 lectulo
342 885 449 962 datur,
471 886 704 968 intellexitque,
727 904 760 950 se
781 885 978 948 moriturum.
1024 883 1183 949 Ordinatio
1205 883 1312 966 itaque

202 990 296 1054 rebus
325 989 546 1072 dispositisque
579 989 769 1072 principibus
798 1007 835 1052 ac
866 985 997 1052 ducibus
1019 985 1101 1064 suis,
1136 989 1230 1068 prout
1252 985 1349 1051 sinis

202 1093 308 1170 libuit,
332 1093 479 1175 spiritum
503 1093 615 1156 emisit.
660 1088 775 1178 [tolli]
815 1091 954 1172 Cumque
982 1087 1019 1152 de
1043 1088 1204 1171 sepultura
1225 1089 1312 1154 illius

201 1195 305 1278 iurgia
326 1195 496 1272 orirentur,
527 1195 639 1277 quippe
662 1193 887 1260 Macedonibus
914 1193 946 1255 in
970 1211 1034 1274 sue,
1050 1209 1122 1256 eum
1142 1192 1313 1256 transferre

204 1297 400 1380 cupientibus
426 1300 468 1362 et
498 1297 604 1362 Persis
639 1298 767 1362 econtra
796 1293 1033 1370 resistentibus,
1070 1293 1197 1359 tandem
1230 1294 1313 1358 Iovis

204 1400 365 1464 oraculum
381 1399 593 1476 consulentes,
615 1418 798 1482 responsum
814 1399 1014 1480 acceperunt,
1038 1396 1120 1478 apud
1132 1397 1312 1480 Aegyptum

204 1522 275 1567 eum
299 1503 424 1586 sepeliri
448 1504 608 1585 oportere,
633 1499 735 1589 [sall.
759 1497 856 1586 alh]
879 1519 942 1565 nou
965 1500 998 1564 in
1013 1498 1184 1580 Memphis,
1203 1519 1313 1564 uerum
1332 1507 1373 1563 10

116 1643 117 1646 =
203 1605 313 1672 inille
336 1626 431 1690 quam
451 1607 518 1690 ipse
539 1605 598 1670 sibi
621 1605 842 1670 aedificaverat
868 1603 954 1669 urbe.
1000 1607 1083 1686 Ergo
1105 1601 1312 1668 honorificen-

204 1710 326 1773 tissime
350 1709 394 1773 ibi
416 1711 445 1772 ei
468 1712 572 1773 erecta
595 1712 644 1773 est
664 1709 834 1790 sepultura.

292 1810 348 1878 35.
394 1809 447 1898 [98
457 1813 498 1874 M.
524 1818 565 1874 60
576 1808 623 1898 a]
668 1811 755 1876 Vixit
778 1815 883 1878 autem
913 1811 1001 1876 annis
1029 1809 1161 1894 triginta
1183 1809 1313 1884 duobus,

203 1912 333 1996 imperio
356 1915 475 1996 potitus
497 1915 587 1980 annis
611 1914 790 1992 duodecim,
814 1914 1014 1996 condiditque
1029 1913 1123 1978 urbes
1139 1912 1312 1987 duodecim,

204 2035 282 2099 quas
319 2037 427 2082 omnes
466 2037 521 2083 suo
559 2017 598 2082 de
635 2019 760 2082 nomine
797 2017 1073 2094 „Alexandriem“
1104 2015 1372 2097 nuncupavit215

204 2119 429 2186 Alexandriam
457 2141 536 2202 quae
559 2121 686 2186 condita
718 2124 767 2186 est
797 2120 854 2184 sub
883 2119 1008 2184 nomine
1032 2117 1203 2200 Bucephali
1232 2118 1312 2200 equi,

204 2222 395 2289 Alexandria
423 2228 604 2300 montuosa,
638 2223 831 2288 Alexandria
853 2223 936 2304 apud
957 2225 1088 2298 Porum,
1122 2221 1314 2287 Alexandria

204 2326 237 2389 in
260 2325 406 2408 Scythia,
442 2326 633 2392 Alexandria
655 2326 840 2409 Babylonis,
875 2324 1065 2390 Alexandria
1087 2326 1169 2407 apud
1190 2325 1314 2390 Massa-

204 2432 309 2512 getas,
331 2429 524 2495 Alexandria
546 2429 628 2512 apud
647 2429 842 2514 Aegyptum,
864 2427 1055 2493 Alexandria
1078 2428 1159 2510 apud
1175 2427 1314 2510 Origala‚

204 2532 395 2598 Alexandria
416 2533 499 2616 apud
517 2533 703 2610 Granicum,
726 2532 918 2598 Alexandria
939 2530 1021 2614 apud
1043 2531 1214 2606 Troadam,
1236 2530 1314 2594 Ale·
1332 2538 1373 2595 20

205 2635 334 2700 nandria
356 2635 438 2720 apud
461 2636 621 2721 Tigridem
646 2636 792 2714 durium,
830 2634 1021 2700 Alexandria
1049 2633 1131 2716 apud
1153 2632 1312 2698 Scantum.

206 2869 266 2909 eum
285 2855 320 2908 Η.
407 2855 439 2910 da
458 2856 614 2910 macedonia
631 2857 665 2910 D.
753 2857 779 2910 2.
798 2871 901 2909 ueneno
919 2854 1026 2923 inipso
1044 2853 1140 2908 itinere
1158 2853 1189 2906 L.
1259 2851 1314 2906 ele-

206 2939 299 2993 borata
317 2940 352 2992 H.
438 2942 465 2994 3.
483 2940 640 2994 anxiandum
657 2941 693 2994 H.
711 2940 883 2994 ¹¹auriendum
901 2940 932 2992 L.
1019 2942 1097 2992 aneto
1114 2939 1150 2991 H.
1225 2938 1252 2991 4.
1271 2939 1313 2991 in-

205 3023 349 3092 tellexique
367 3023 403 3075 Η.
509 3039 537 3076 se
560 3023 621 3076 ilico
644 3023 802 3076 moriturum
820 3025 854 3076 Ι).
960 3025 985 3078 5.
1008 3039 1040 3077 ac
1064 3022 1175 3076 ducibus
1196 3023 1264 3088 fulsit
1278 3022 1313 3077 D.

206 3107 258 3162 sibi
274 3108 342 3175 fehlt
359 3107 393 3161 D.
482 3109 508 3162 7.
527 3124 588 3162 eum
603 3107 671 3174 sctit
688 3110 721 3162 D.
811 3109 837 3162 8.
856 3109 943 3176 persia
960 3109 996 3162 Η.
1032 3111 1060 3160 et
1071 3107 1160 3161 Persis
1173 3124 1210 3162 ec.
1223 3110 1314 3162 resist.

204 3193 272 3258 sealt
291 3196 324 3249 D.
435 3194 476 3249 10.
493 3193 613 3262 memphi
630 3194 663 3247 D.
770 3195 811 3246 11.
832 3193 883 3246 sibi
903 3194 961 3262 ipse
984 3193 1019 3246 Η.
1063 3193 1121 3260 ipse
1143 3191 1316 3248 edificanerat

206 3279 258 3334 sibi
284 3281 318 3334 D.
432 3279 700 3334 honorificantiasime
726 3279 761 3332 H.
808 3280 865 3333 eius
891 3279 924 3333 A.
967 3277 1200 3354 Honorantiadma
1224 3280 1314 3333 autem

207 3367 232 3419 ei
250 3365 288 3420 ibi
306 3366 340 3420 D.

293 3453 341 3508 35.
378 3453 419 3506 13.
438 3451 516 3506 annis
535 3451 688 3507 .xx1111.D.
724 3468 808 3506 annos
826 3451 941 3522 triginta
958 3453 1062 3505 ethes.
1083 3449 1133 3506 Vh.
1205 3451 1246 3504 14.
1261 3449 1314 3504 Sed

206 3540 347 3607 imperium
374 3537 437 3591 iniit
467 3553 568 3594 annum
601 3554 686 3608 agene
712 3541 836 3592 octavum
860 3537 1000 3594 decimum.
1028 3537 1079 3590 Vb.
1124 3536 1181 3606 Vpl.
1209 3537 1314 3590 mamere

207 3623 488 3679 Pomdaeaaoeaeree
505 3640 528 3678 e.
541 3627 605 3682 176.
696 3625 735 3678 15.
754 3624 840 3678 omnis
858 3624 894 3678 H.
973 3639 1020 3677 suo
1039 3623 1072 3676 de
1089 3623 1195 3677 nomine
1208 3621 1313 3676 HLAE.

207 3723 255 3761 eno
273 3711 378 3762 nornine
396 3709 496 3764 BDVh.
610 3709 779 3764 alexandrias
798 3710 830 3762 B.
866 3709 1038 3763 mumma?
1054 3709 1089 3764 A.
1196 3709 1237 3761 17.
1256 3723 1313 3761 mo-

207 3795 285 3846 tuoea
304 3793 337 3848 H.
372 3795 532 3850 Alexandria
550 3799 692 3850 montuosa
711 3796 745 3848 D.
844 3794 1006 3848 Alexandria
1023 3791 1095 3862 apud
1113 3803 1180 3861 pora
1196 3792 1266 3847 aima
1282 3793 1314 3846 in

207 3879 231 3932 D
254 3877 298 3931 die
320 3883 388 3931 mete
410 3877 483 3932 atelle
505 3881 536 3933 ia
558 3881 607 3936 dar
629 3881 770 3935 raheria.
880 3878 920 3932 18.
946 3878 1050 3948 scythia
1068 3878 1149 3933 ΗΒΕ.
1185 3879 1264 3934 scitia
1280 3879 1312 3932 L.

207 3963 305 4018 scithia
321 3962 354 4016 A.
391 3962 481 4031 sithya
498 3964 532 4016 D.
638 3963 800 4020 Alexandria
817 3963 846 4018 in
863 3961 995 4020 babilone.
1012 3965 1047 4019 D.
1152 3963 1314 4020 Alexandria

207 4047 429 4118 nonagesimi.
557 4049 599 4103 19.
616 4049 779 4106 Alexandria
796 4049 830 4104 D.
936 4047 1047 4120 Origala
1064 4049 1221 4107 ΜΡΝ.
1241 4051 1314 4105 Bell.

207 4135 337 4203 origolam
353 4133 384 4187 B.
421 4133 527 4202 origara
544 4133 578 4186 H.
615 4135 719 4204 origida
729 4137 760 4190 Η.
785 4134 946 4189 Alexandria
958 4135 1071 4204 origula
1085 4136 1119 4190 D.
1194 4137 1237 4190 20.
1250 4137 1313 4191 Ale-

207 4221 318 4274 xandria
336 4219 407 4289 apud
429 4219 576 4290 gornicum.
594 4221 626 4274 D.
716 4221 879 4276 Alexandria
890 4221 962 4290 apud
974 4221 1069 4276 troada
1081 4222 1116 4274 Η.
1151 4221 1314 4278 Alexandria

208 4307 278 4372 apud
296 4307 375 4362 troia.
393 4307 428 4360 D.
516 4305 679 4362 Alexandria
695 4307 756 4361 HD.
806 4309 849 4362 21.
862 4307 933 4376 tigna
950 4308 980 4362 L.
1016 4307 1123 4362 flumen.
1141 4308 1175 4361 D.
1249 4307 1313 4362 Ale·

207 4390 319 4445 xandria
336 4391 397 4446 HD.
499 4396 622 4449 scaritum
638 4393 696 4448 ΗΒ.
704 4392 780 4448 Viae.
792 4393 865 4448 Bell.
900 4395 1024 4449 sanctum
1041 4393 1116 4450 HVb.
1152 4397 1209 4450 seir
1220 4392 1312 4449 LAVe
